3190 5037
1566 287 1603 341 4

437 484 486 525 c.
521 463 596 523 16
624 484 778 542 sqq.,
820 463 922 541 qui
964 463 1162 540 aliquo
1191 462 1365 522 modo
1407 463 1657 522 eundem
1685 462 2027 524 Suetonium
2073 465 2360 543 sequitur.
2429 462 2735 527 Commen-

436 571 598 624 tatus
655 569 746 625 est
770 596 777 601 ,
801 564 985 642 igitur
1021 562 1335 623 Suetonius
1386 582 1503 623 uon
1544 568 1666 623 tam
1721 564 1984 642 singulos
2029 565 2153 625 dies
2197 567 2382 626 festos
2420 584 2736 643 eorumque

436 665 623 739 ludos,
669 685 845 743 quam
878 666 1044 723 uaria
1071 665 1536 742 spectaculorum
1578 684 1816 740 genera,
1862 685 2112 743 quorum
2155 667 2428 747 deinceps
2480 669 2736 745 origines

435 767 641 825 titulos
696 772 1023 844 apparatus
1040 761 1085 841 ι)
1133 766 1261 825 loca
1315 770 1472 825 artes
1525 767 1818 843 exposuit.
1908 765 2020 826 Sed
2078 788 2206 828 cum
2260 768 2378 828 duo
2432 775 2738 848 spectacu-

435 868 623 926 lorum
660 887 898 944 genera,
945 867 1200 925 circense
1244 873 1305 925 et
1351 869 1699 946 scaenicum,
1744 887 1859 926 non
1889 869 2076 929 solum
2108 889 2314 929 nomen
2363 870 2734 945 „ludorum“,

435 971 539 1030 sed
582 971 759 1030 etiam
804 970 1087 1048 originem
1128 971 1440 1031 Etruscam
1486 977 1547 1030 et
1587 973 1901 1051 plerosque
1943 974 2150 1033 titulos
2197 975 2235 1032 i.
2267 991 2317 1030 e.
2362 972 2488 1031 dies
2529 972 2733 1043 festos,

436 1071 648 1149 quibus
678 1070 1023 1145 edebantur,
1061 1070 1348 1131 haberent
1376 1074 1721 1147 communia,
1767 1075 2075 1152 utriusque
2102 1075 2335 1149 generis
2364 1077 2423 1133 et
2451 1073 2735 1151 originem

437 1179 498 1231 et
539 1173 749 1233 titulos
791 1193 908 1232 uno
945 1171 1266 1250 eodemque
1307 1172 1436 1232 loco
1477 1176 1711 1232 narrari
1754 1194 1985 1235 necesse
2014 1181 2161 1235 erat.
2250 1174 2339 1234 De
2376 1174 2569 1235 titulis
2594 1193 2735 1233 uero

436 1273 665 1332 locutus
709 1273 1019 1334 Suetonius
1061 1272 1367 1333 historiam
1408 1275 1776 1352 singulorum
1817 1277 2119 1347 festorum,
2184 1275 2398 1353 quibus
2437 1275 2563 1335 ludi
2605 1294 2738 1353 spe-

436 1375 768 1449 ctabantur,
834 1374 969 1434 inde
1009 1395 1046 1434 a
1086 1377 1291 1452 primis
1334 1376 1447 1433 iam
1494 1396 1697 1452 regum
1743 1381 1939 1436 aetate
1981 1379 2289 1449 institutis,
2346 1374 2734 1436 Consualibus

436 1480 496 1535 et
541 1475 819 1547 Ecurriis,
885 1496 1074 1554 usque
1138 1475 1212 1535 ad
1276 1496 1394 1548 eos,
1459 1477 1561 1553 qui
1624 1477 1813 1537 libera
1874 1479 2124 1538 florente
2186 1478 2491 1555 republica
2555 1476 2735 1536 creati

434 1580 590 1656 sunt,
657 1579 1005 1655 conscripsit
1027 1573 1098 1653 2).
1193 1577 1315 1636 Iam
1373 1597 1515 1636 uero
1575 1584 1737 1637 certa
1806 1585 2013 1640 extant
2077 1580 2307 1655 indicia,
2376 1599 2450 1638 ex
2520 1577 2734 1656 quibus

434 1678 791 1756 perspicitur
839 1676 1178 1738 Suetonium
1222 1680 1285 1738 in
1334 1678 1435 1736 illo
1477 1678 1630 1739 libro
1672 1681 1846 1738 etiam
1879 1680 2233 1741 Graecorum
2271 1680 2734 1760 spectaculorum

432 1778 639 1838 fecisse
681 1781 1068 1852 mentionem3
1115 1780 1260 1840 dicit
1298 1782 1450 1839 enim
1495 1800 1543 1840 c.
1579 1784 1647 1839 5:
1716 1801 1883 1852 „nam
1931 1785 1992 1840 et
2034 1801 2164 1842 cum
2208 1783 2386 1860 primi
2425 1801 2665 1843 scaenae
2683 1777 2734 1859 ⁸)

437 2049 524 2099 est
573 2048 672 2098 aut
727 2044 995 2098 circensis
1057 2047 1155 2097 aut
1210 2043 1580 2112 gladiatorius
1636 2048 1732 2098 aut
1786 2045 2121 2107 scaenicus“,
2179 2050 2365 2099 tamen
2414 2049 2609 2115 postea
2664 2046 2733 2100 de

434 2134 721 2203 agonibus,
775 2132 843 2186 de
879 2131 1024 2186 ludis
1067 2135 1125 2185 et
1169 2131 1506 2186 circensibus
1554 2136 1614 2186 et
1650 2134 1931 2199 scaenicis,
1986 2133 2057 2188 de
2101 2133 2422 2187 muneribus
2472 2132 2730 2203 deinceps

433 2221 706 2290 loquatur.

633 2309 687 2377 1)
726 2309 844 2364 Hac
881 2324 1017 2363 uoce
1057 2307 1467 2376 intelleguntur
1517 2324 1708 2361 omnes
1754 2325 1841 2362 res
1882 2325 2071 2362 sacrae
2107 2309 2167 2362 in
2204 2309 2538 2377 spectaculis
2575 2309 2731 2364 adhi-

435 2394 610 2460 bitae;
650 2393 717 2449 cf.
753 2394 1086 2450 Tertulliani
1124 2397 1297 2450 uerba
1332 2413 1380 2450 c.
1404 2398 1465 2449 4:
1506 2395 1737 2461 „exinde
1774 2400 2096 2465 apparatus,
2134 2396 2337 2466 quibus
2376 2398 2728 2466 superstitio-

434 2482 597 2538 nibus
633 2482 1037 2540 instruantur“.
1112 2485 1288 2554 Quam
1330 2485 1403 2539 ob
1439 2502 1555 2540 rem
1594 2483 1809 2540 errauit
1844 2485 2181 2540 nouissimus
2229 2484 2402 2541 libelli
2440 2484 2622 2540 editor
2660 2484 2726 2540 E.

431 2571 783 2641 Klussmann,
835 2573 931 2643 qui
970 2591 1016 2628 c.
1058 2574 1124 2628 13
1161 2574 1373 2628 reiecta
1420 2574 1735 2628 necessaria
1770 2573 1916 2628 Iunii
1967 2573 2359 2629 emendatione
2406 2573 2723 2641 „artificiis“

431 2658 639 2715 codicis
676 2662 974 2715 lectionem
1013 2660 1355 2728 „sacrificiis“
1395 2661 1623 2732 recepit.
2392 2675 2397 2680 '

630 2750 681 2813 2)
721 2748 785 2801 In
823 2748 1012 2804 codice
1050 2750 1414 2820 Agobardino
1452 2768 1499 2806 c.
1538 2752 1571 2805 5
1611 2754 1753 2806 extr.
1802 2751 1977 2806 uerba
2025 2750 2151 2819 „sed
2196 2749 2334 2805 haec
2380 2749 2513 2804 satis
2560 2756 2726 2806 erunt

433 2835 507 2890 ad
553 2836 786 2906 originis
829 2836 897 2891 de
957 2837 1278 2892 idololatria
1332 2839 1584 2894 reatum“
1646 2839 1903 2908 sequitur
1958 2839 2248 2909 inscriptio
2285 2838 2381 2893 DE
2426 2839 2728 2909 TITULIS,

432 2922 591 2992 quasi
652 2941 785 2978 uero
842 2925 947 2980 hoc
1000 2925 1220 2981 demum
1274 2927 1396 2982 loco
1453 2927 1689 2982 desierit
1734 2927 2030 2983 Suetonius
2086 2927 2155 2981 de
2201 2926 2419 2998 origine
2464 2927 2727 2984 ludorum

431 3014 603 3082 loqui.
682 3014 957 3084 Deceptus
995 3021 1080 3071 est
1105 3016 1370 3071 librarius
1399 3016 1632 3072 uocibus
1670 3016 1768 3081 „ad
1805 3016 2111 3086 originis
2147 3015 2218 3069 de
2258 3015 2577 3071 idololatria
2613 3034 2729 3071 rea-

432 3104 581 3157 tum“
621 3108 677 3158 et
717 3104 983 3167 „formam
1008 3104 1239 3174 originis
1275 3104 1345 3159 de
1383 3105 1626 3159 titulis
1660 3104 1824 3159 huius
1849 3120 2070 3174 quoque
2107 3103 2428 3173 temporis“.
2500 3102 2725 3160 Etenim

434 3191 726 3247 Consualia
781 3193 1021 3249 Ecurria
1074 3193 1195 3247 ludi
1245 3194 1446 3262 Tarpei
1494 3199 1601 3248 cet.
1650 3210 1764 3248 non
1800 3192 2000 3259 =minus
2054 3192 2210 3247 tituli
2261 3192 2522 3245 ludorum
2580 3195 2726 3258 sunt,

430 3295 598 3347 quam
642 3280 986 3351 Megalenses
1023 3279 1374 3351 Apollinares
1411 3298 1462 3350 q.
1500 3298 1543 3335 s.
1588 3285 1756 3350 atque
1806 3282 1888 3335 ita
1930 3298 1989 3335 se
2037 3297 2156 3335 rem
2212 3281 2415 3334 habere
2476 3278 2728 3333 indicant

429 3384 518 3421 me
555 3367 739 3423 iudice
785 3369 951 3424 etiam
991 3369 1185 3423 uerba:
1240 3368 1490 3431 „accedit
1527 3406 1540 3420 .
1583 3411 1594 3422 .
1636 3411 1648 3424 .
1686 3412 1697 3423 .
1736 3369 2053 3439 posteritas,
2100 3369 2336 3422 formam
2383 3367 2618 3437 originis
2657 3366 2726 3421 de

430 3455 609 3510 titulis
667 3456 865 3512 huius
921 3472 1195 3528 quoque
1251 3457 1587 3526 temporis
1644 3457 2013 3526 praeferens“.
2086 3457 2282 3525 Itaque
2331 3455 2502 3510 verba
2556 3455 2725 3523 „nihil

428 3543 539 3597 iam
578 3544 645 3598 de
683 3561 847 3599 causa
889 3544 1168 3612 uocabuli,
1206 3545 1338 3599 dum
1376 3545 1459 3598 rei
1496 3561 1664 3599 causa
1702 3544 2023 3599 idololatria
2059 3544 2162 3597 sit“
2203 3543 2485 3612 incipiunt
2521 3559 2723 3596 nouam

429 3630 498 3684 de
534 3632 715 3685 titulis
747 3632 1008 3687 ludorum
1032 3634 1370 3702 particulam
1394 3639 1452 3688 et
1476 3634 1651 3688 verba
1690 3633 1816 3697 „sed
1852 3633 1989 3688 haec
2013 3633 2146 3687 satis
2182 3636 2350 3687 eruut
2386 3631 2456 3686 ad
2494 3631 2726 3702 originis

432 3718 502 3774 de
539 3720 856 3775 idololatria
893 3726 1139 3775 reatum“
1177 3721 1249 3776 ad
1287 3721 1448 3775 unius
1486 3721 1685 3776 aetatis
1721 3739 1915 3791 regum
1954 3724 2207 3791 spectant
2242 3721 2455 3776 titulos.

628 3811 682 3880 3)
718 3811 807 3865 Sic
843 3812 990 3865 enim
1028 3827 1154 3865 cum
1180 3809 1513 3863 Buechelero
1553 3809 1909 3864 scribendum
1945 3812 2047 3878 est,
2082 3825 2416 3879 quamquam
2456 3812 2514 3862 et
2548 3808 2724 3864 codex

432 3898 614 3970 Agob.
653 3904 709 3953 et
740 3898 807 3968 is,
860 3899 955 3968 qui
995 3897 1329 3952 Tertulliani
1364 3897 1547 3952 locum
1586 3897 1827 3967 repetiit,
1865 3897 2111 3952 isidorus
2148 3896 2289 3966 orig.
2326 3894 2512 3962 XVIII,
2551 3896 2617 3948 16
2654 3924 2724 3935 -

429 3987 785 4041 consentiunt
821 3987 971 4042 enim
1008 3985 1067 4040 in
1101 3985 1206 4040 hac
1242 3984 1498 4051 lectione,
1535 3989 1597 4039 ut
1634 3986 1903 4055 Iosephus
1933 3985 2113 4055 Klein,
2152 3985 2242 4039 uir
2277 3984 2724 4053 humanissimus,

429 4090 518 4127 me
554 4073 764 4142 docuit,
800 4074 1016 4129 codices
1046 4074 1408 4128 uetustissimi
1434 4074 1742 4130 Weissenb.
1768 4076 1855 4129 64.
1880 4074 2094 4129 Monac.
2121 4073 2218 4128 lat.
2245 4075 2403 4128 6250.
2438 4073 2723 4144 Sangerm.

433 4161 605 4215 13028
652 4191 719 4200 —
766 4160 1035 4216 exhibent
1076 4162 1411 4217 aduerbium
1463 4162 1858 4232 „promiscue“.
1932 4163 2074 4218 Nam
2128 4179 2199 4216 ne
2255 4163 2450 4231 primis
2498 4163 2722 4233 quidem

428 4249 774 4318 temporibus
810 4266 1001 4304 omnes
1037 4250 1157 4305 ludi
1197 4251 1482 4306 Liberalia
1518 4254 1706 4307 uocati
1744 4257 1893 4320 sunt,
1928 4251 2025 4306 sed
2062 4252 2118 4305 in
2158 4250 2394 4306 Graecia
2428 4280 2500 4291 —
2536 4251 2724 4321 agitur

429 4339 575 4391 euim
613 4336 682 4391 de
720 4338 866 4392 ludis
891 4337 1116 4395 Graecis
1152 4370 1216 4379 —
1255 4340 1361 4395 soli
1396 4340 1518 4394 ludi
1554 4341 1792 4397 scaenici
1830 4343 1885 4395 et
1911 4342 2029 4395 sine
2067 4340 2237 4395 dubio
2276 4340 2432 4394 notio
2475 4340 2720 4409 ‚,primo“

427 4425 525 4479 illo
562 4425 685 4479 loco
722 4424 1092 4481 desideratur.
1167 4426 1551 4484 Coniecturam
1589 4429 1831 4499 probare
1867 4428 2130 4484 uidentur
2157 4428 2381 4484 Seruius
2422 4428 2492 4482 ad
2519 4429 2722 4497 Georg.

426 4513 482 4567 Il
519 4515 620 4568 381
672 4513 864 4584 (primi
900 4514 1018 4570 ludi
1064 4514 1369 4571 theatrales
1416 4532 1483 4571 ex
1520 4516 1872 4573 Liberalibus
1907 4517 2029 4572 nati
2066 4517 2219 4587 sunt)
2268 4521 2326 4572 et
2362 4516 2587 4573 Sinnius
2628 4515 2723 4571 Ca·
