3190 5037
1555 309 1624 364 43

443 489 731 548 adiectiuo
776 495 999 549 certum
1036 490 1282 548 alicuius
1326 495 1663 548 armaturae
1707 507 1910 546 nomen
1958 485 2345 556 desideratur,
2389 485 2734 563 praesertim

447 611 574 648 cum
608 590 1018 650 Artemidorus
1062 597 1237 650 antea
1280 591 1467 649 dicat:
1512 585 1718 668 ἐπειδὴ
1766 583 1827 648 δὲ
1870 584 2007 646 ἄνευ
2032 591 2157 672 ’τῶν
2200 582 2502 662 ὀνομάτων
2544 581 2736 644 αὐτῶν

445 687 549 749 οὐκ
590 683 663 748 ὂν
705 684 795 769 εἴη
825 695 1023 770 σαφῶς
1051 688 1423 769 παραστῆσαι
1468 687 1564 762 τὰς
1604 685 1936 761 ἀποδείξεις,
1971 685 2272 767 χρήσομαι
2314 686 2412 745 καὶ
2455 687 2566 756 τοῖς
2609 679 2737 743 ὀνό-

438 811 634 867 μασιν.
724 791 1062 866 Hercberl),
1128 795 1232 870 qui
1290 793 1636 852 Samnitium
1688 794 2036 850 mentionem
2081 791 2457 865 desiderauit,
2500 788 2737 864 scripsit

444 888 710 975 Σαμνίτῃ
753 914 860 971 pro
898 895 1022 968 μετ’
1069 889 1198 971 ἀργ.
1247 887 1398 965 ὅπλ.,
1445 914 1623 970 quam
1667 895 2058 951 coniecturam
2087 892 2309 955 ‚falsam
2359 910 2484 950 esse
2522 910 2589 947 ea
2633 889 2733 946 do-

443 998 592 1067 cent,
647 1015 796 1071 quae
827 1015 1006 1072 snpra
1051 995 1122 1053 de
1154 994 1499 1054 Samnitium
1542 995 1795 1053 historia
1824 995 1977 1067 dixi;
2024 992 2191 1068 adde,
2236 993 2394 1069 quod
2436 996 2737 1048 armatura

442 1093 778 1170 Samnitica,
824 1117 996 1173 quam
1042 1096 1412 1173 grauissimis
1447 1116 1612 1155 usam
1659 1115 1783 1153 esse
1823 1096 2000 1153 armis
2043 1096 2197 1151 inter
2242 1112 2441 1151 omnes
2486 1093 2734 1163 constat,

445 1196 653 1254 mulier
721 1197 968 1255 indicari
1031 1199 1237 1273 nequit
1283 1189 1517 1273 ἠρέμα
1575 1191 1859 1267 πλουσίας
1916 1195 1986 1253 cf.
2033 1215 2092 1271 p.
2135 1196 2233 1252 20.
2322 1192 2527 1269 ltaque
2590 1189 2738 1248 nihil

443 1296 604 1356 aliud
647 1298 1020 1374 relinquitur,
1065 1300 1175 1356 nisi
1222 1306 1290 1356 ut
1322 1299 1676 1356 coniciamus
1718 1296 2116 1354 murmillones
2147 1295 2247 1351 illo
2288 1296 2413 1353 loco
2444 1292 2579 1352 olim
2613 1310 2736 1349 esse

442 1405 791 1457 memoratos
837 1404 895 1457 et
940 1398 1310 1456 scribendum
1346 1393 1528 1473 ,μετὰ
1554 1393 1942 1473 μορμίλλονος
1971 1389 2221 1454 ὅπλων“.
2310 1394 2431 1453 lam
2476 1393 2617 1470 quid
2664 1391 2737 1448 de

440 1498 805 1557 murmillone
853 1498 1016 1557 nobis
1060 1499 1310 1557 tradidit
1350 1482 1800 1556 Artemidorus?
1849 1496 2149 1554 ludicatur
2191 1515 2259 1553 eo
2291 1495 2496 1552 mulier
2543 1485 2736 1570 ἠρέμα

441 1595 712 1677 πλουσία;
778 1603 867 1657 est
924 1601 1107 1675 igitur
1154 1601 1538 1659 murmillonis
1585 1604 1888 1657 armatura
1940 1618 2056 1655 non
2121 1597 2353 1674 quidem
2414 1601 2535 1653 tam
2588 1594 2735 1651 leuis

443 1721 618 1779 quam
663 1701 903 1773 retiarii,
951 1702 1053 1776 qui
1099 1702 1395 1760 mulierem
1443 1696 1668 1778 ἄπορον
1713 1700 2028 1777 significat,
2088 1698 2188 1757 sed
2233 1696 2421 1755 leuior
2466 1697 2738 1755 Thraeci-

442 1802 574 1860 dica
618 1805 678 1858 et
709 1799 1042 1874 Samnitica,
1087 1801 1300 1891 quibus
1344 1802 1550 1860 mulier
1593 1797 1839 1858 πλουσία
1869 1800 2206 1878 respondet.
2298 1796 2548 1857 Verbum
2596 1817 2736 1856 uero

441 1895 802 1974 ἐσκέπασται,
847 1901 1005 1977 quod
1050 1902 1124 1959 ad
1169 1901 1457 1960 uocabula
1500 1899 1698 1984 πιστὴν
1739 1899 1836 1958 καί
1868 1894 2136 1977 οἰκουρόν
2169 1903 2433 1976 spectare
2477 1898 2733 1971 uidetur,

445 2001 606 2058 nullo
653 2001 766 2059 alio
811 2001 984 2059 modo
1030 2002 1375 2061 uertendum
1407 2008 1515 2080 est,
1560 2004 1671 2060 nisi
1720 2002 1988 2073 „uelatus
2037 2000 2203 2076 est“;
2249 1999 2504 2057 habebat
2552 1999 2737 2074 igitur

445 2101 735 2159 murmillo
780 2101 1120 2178 ampliorem
1168 2108 1411 2171 uestem,
1457 2122 1631 2178 quam
1664 2105 1842 2160 ceteri
1880 2101 2239 2177 gladiatores
2286 2102 2322 2157 i.
2361 2119 2410 2158 e.
2457 2100 2734 2170 tunicam,

443 2220 619 2277 quam
665 2202 766 2259 uni
810 2202 895 2259 illi
955 2188 1345 2277 gladiatorum
1391 2204 1612 2278 generi,
1677 2203 1749 2260 de
1794 2223 1909 2279 quo
1954 2203 2147 2261 adhuc
2190 2207 2411 2259 certum
2456 2200 2735 2257 iudicium

445 2303 667 2370 deerat,
712 2303 1034 2379 legitimam
1080 2305 1259 2363 fuisse
1292 2309 1663 2363 monumenta
1706 2304 1934 2363 docent.
2021 2304 2335 2361 Praeterea
2382 2322 2509 2360 cum
2555 2299 2736 2358 uerbo

439 2396 743 2479 ὖποβαίνει
807 2404 1275 2480 coniungendum
1340 2425 1467 2464 esse
1523 2425 1746 2483 cense0,
1816 2405 1973 2482 quod
2018 2405 2312 2463 Ausonius
2371 2405 2429 2460 in
2479 2403 2738 2460 centonis

439 2504 802 2581 praefatione
848 2504 1017 2565 dicit:
1086 2506 1400 2582 „mirmillo
1444 2507 1501 2565 in
1558 2508 1736 2567 armis
1783 2504 2162 2583 subsidens“;
2207 2504 2420 2564 etenim
2462 2503 2734 2579 quoniam

438 2605 568 2682 ipse
613 2605 937 2665 leuioribus
996 2607 1281 2666 utebatur
1328 2610 1522 2677 armis,
1568 2608 1803 2666 Thraex
1844 2627 1988 2666 uero
2033 2606 2406 2664 aduersarius
2450 2604 2736 2678 grauiori-

439 2704 567 2777 δυσ,
616 2726 767 2782 quae
813 2707 1014 2765 melius
1061 2727 1274 2785 corpus
1319 2709 1617 2783 tegebant,
1665 2708 1827 2766 humi
1860 2708 2189 2766 consideret
2236 2704 2549 2782 subitoque
2594 2702 2735 2760 data

441 2808 737 2865 occasione
782 2814 1117 2885 erumperet
1160 2814 1292 2867 erat
1333 2828 1584 2884 necesse,
1646 2813 1715 2867 ut
1759 2810 2062 2867 celeritate
2102 2811 2413 2884 superaret
2456 2805 2732 2864 aduersa-

439 2909 591 2966 rium
633 2909 1209 2986 periculosissimum.

949 3155 985 3235 ἓ
1034 3162 1090 3220 7.
1183 3160 1290 3219 De
1343 3162 1668 3220 ceteris
1722 3161 2221 3220 armaturis.

637 3296 725 3355 De
788 3295 1406 3373 prouocatoribus
1463 3295 1971 3355 dimachaeris
2036 3291 2555 3369 scissoribup2)
2628 3313 2735 3350 ue-

437 3398 702 3458 litibus
750 3396 897 3457 nihil
939 3398 1079 3455 noui
1117 3416 1354 3475 possum
1394 3396 1639 3467 afferre3
1696 3399 1891 3456 confer
1934 3398 2007 3457 de
2051 3400 2135 3456 eis
2185 3397 2467 3474 imprimis
2513 3395 2733 3453 Friedl.

482 3544 496 3559 .
529 3500 650 3560 519
686 3519 712 3557 s
802 3542 815 3556 .

438 3520 479 3578 P
639 3519 755 3658 Et:1
749 3520 797 3658 dl
797 3599 1086 3658 edarios
1131 3603 1192 3656 et
1234 3599 1406 3657 index
1445 3600 1841 3676 gladiatorum
1872 3599 2258 3677 Pompeianus
2302 3597 2426 3656 CIL
2458 3597 2537 3655 lV
2570 3595 2731 3655 2508

440 3706 499 3760 et
530 3701 742 3759 titulus
774 3699 1020 3759 Thasius
1062 3698 1194 3758 GIG
1227 3702 1390 3759 2164
1439 3696 1536 3775 (cf.
1566 3721 1625 3777 p.
1658 3703 1735 3760 41
1763 3696 1920 3777 sqq.)
1967 3700 2371 3759 demonstrant
2412 3699 2568 3755 inter
2609 3716 2735 3755 sese

439 3821 764 3878 pugnasse3
810 3802 870 3860 in
913 3801 1013 3859 illo
1058 3802 1209 3859 enim
1251 3801 1500 3878 legitur:

643 3998 694 4064 1)
732 3998 979 4052 Hercher
1042 3998 1158 4052 sine
1215 3997 1384 4051 dubio
1448 3997 1626 4068 Lipsii
1678 3999 1926 4052 Henzeni
1983 3997 2401 4052 Friedlaenderi
2455 3994 2734 4052 communi

439 4088 717 4141 sententia
756 4091 938 4140 motus
978 4086 1036 4139 in
1074 4086 1221 4140 hunc
1263 4103 1506 4140 errorem
1543 4086 1755 4141 incidit.

640 4177 698 4246 2)
739 4177 1129 4230 Coniecturam
1167 4176 1444 4231 Fabrettii
1483 4177 1668 4246 (inscr.
1708 4181 1821 4231 ant.
1861 4195 1914 4246 p.
1957 4178 2064 4245 65),
2134 4177 2226 4247 qui
2277 4178 2534 4231 scissores
2574 4174 2734 4228 cada-

438 4282 572 4319 uera
626 4265 831 4318 ictibus
890 4264 1185 4334 dissipasse
1237 4269 1414 4334 putat.
1463 4282 1532 4317 ne
1582 4266 1705 4335 quis
1756 4267 2013 4323 simulata
2052 4272 2231 4319 morte
2270 4265 2575 4329 deluderet,
2621 4280 2733 4317 non

438 4356 617 4408 solum
659 4354 777 4408 ueri
819 4354 1241 4408 dissimillimam
1280 4353 1372 4424 (cf.
1400 4353 1605 4408 Friedl.
1646 4373 1697 4423 p.
1730 4356 1870 4424 522),
1921 4354 2017 4409 sed
2054 4355 2216 4424 plane
2253 4371 2571 4424 peruersam
2612 4369 2730 4406 esse

437 4457 499 4493 ea
536 4459 622 4495 res
661 4442 840 4510 docet,
885 4443 1032 4510 quod
1075 4443 1149 4498 M.
1191 4443 1460 4498 Caecilius
1507 4443 1709 4497 scissor
1759 4444 1907 4513 (IRN
1934 4443 2063 4514 737)
2102 4443 2213 4497 tiro
2262 4443 2297 4497 i.
2338 4460 2385 4496 e.
2435 4444 2493 4496 in
2543 4458 2729 4510 pugna

440 4529 623 4597 prima
661 4534 892 4583 mortem
933 4531 1099 4597 obiit3
1139 4536 1225 4586 est
1261 4531 1436 4602 igitur
1475 4531 1681 4586 scissor
1718 4549 1849 4587 uere
1883 4531 2180 4602 gladiator.
