3190 5037
1516 306 1586 359 53

405 483 630 560 prodiit
694 485 955 562 itemque
1017 484 1245 544 Horatii
1304 483 1451 543 illud
1508 477 1707 563 (epist.
1751 483 1796 556 I,
1846 486 1901 563 1,
1949 478 2016 561 2)
2082 488 2451 562 „spectatum
2520 476 2704 541 satis“

406 585 796 664 interpretor:
843 606 1013 664 quem
1060 587 1204 645 satis
1245 586 1517 645 viderunt
1557 580 2005 665 pugnantem¹).

607 686 721 746 Sed
748 688 808 747 in
838 687 1017 746 titulo
1040 687 1299 746 Romano
1325 684 1449 744 CIL
1472 687 1551 745 VI
1579 689 1693 746 631
1731 707 1842 745 non
1875 688 2095 745 tirones
2127 691 2187 744 et
2216 687 2463 764 spectat-i
2497 685 2705 758 solum,

408 808 610 846 uerum
670 790 847 847 etiam
903 791 1166 848 ueterani
1226 790 1629 867 inueniuntur,
1696 790 1798 866 qui
1849 794 1989 848 nota
2043 788 2193 847 VET
2246 789 2489 847 indicati
2549 792 2706 864 sunt,

407 889 766 963 gladiatores
811 889 1114 949 euidenter
1144 891 1383 949 maioris
1428 892 1820 963 auctoritatis,
1868 891 1968 967 qui
2000 895 2222 947 certum
2266 909 2568 947 numerum
2601 893 2709 947 aut

409 1007 740 1066 pugnarum
782 991 879 1048 uel
923 991 1305 1049 uictoriarum
1349 996 1456 1049 aut
1497 993 1557 1048 in
1603 990 1743 1049 ludo
1786 1008 2070 1049 annorum
2105 992 2500 1063 confecerant;
2546 993 2706 1048 inue-

409 1091 651 1148 niuntur
695 1093 869 1150 etiam
916 1092 974 1149 in
1020 1091 1207 1150 altero
1249 1091 1428 1150 titulo
1465 1092 1735 1151 Romano
1780 1091 1950 1151 Grut.
1995 1111 2054 1167 p.
2099 1092 2241 1161 334,
2290 1092 2345 1149 3.

608 1189 720 1249 Sed
752 1193 931 1251 etiam
959 1194 1020 1249 in
1050 1193 1218 1269 palos
1231 1189 1285 1267 ²)
1315 1195 1534 1271 primos
1577 1212 1680 1251 seu
1724 1192 1901 1251 rudes
1935 1194 2155 1270 primas
2194 1197 2253 1250 et
2297 1192 2462 1270 palos
2505 1210 2707 1250 secun·

407 1291 513 1351 dos
557 1312 658 1350 seu
704 1292 878 1351 rudes
923 1287 1275 1365 secundas³)
1330 1293 1689 1370 gladiatores
1743 1292 1917 1352 diuisi
1969 1298 2157 1371 erant,
2225 1313 2375 1369 quae
2438 1294 2706 1351 notiones

406 1395 740 1471 saepissime
793 1396 851 1452 in
896 1395 1088 1454 titulis
1143 1399 1204 1453 et
1247 1394 1413 1453 libris
1458 1401 1874 1454 memorantur.
1959 1394 2377 1453 Friedlaender
2420 1394 2704 1471 optimum

407 1512 696 1570 quemque
734 1495 1127 1571 gladiatorem
1156 1497 1242 1554 ita
1273 1496 1679 1574 praedicatum
1724 1516 1849 1555 esse
1879 1501 2073 1575 putat.
2162 1493 2272 1554 Sed
2302 1495 2362 1553 id
2390 1498 2707 1573 propterea

408 1596 640 1653 minime
682 1598 808 1654 ueri
853 1598 1045 1656 simile
1089 1597 1231 1655 mihi
1279 1617 1402 1657 esse
1445 1598 1703 1671 uidetur,
1750 1599 1905 1675 quod
1952 1616 2227 1657 numerus
2271 1596 2600 1667 titulorum,
2644 1597 2708 1654 in

617 1794 667 1860 1)
706 1793 847 1849 Sunt
888 1793 1122 1850 fortasse
1177 1794 1272 1865 qui
1311 1800 1627 1864 expectent,
1664 1800 1728 1850 ut
1763 1795 2039 1864 inquiram
2075 1794 2182 1849 hoc
2218 1794 2340 1847 loco
2376 1793 2434 1846 in
2470 1796 2709 1846 tesseras

350 1880 361 1891 ⁸
410 1880 774 1949 gladiatorias
811 1899 951 1952 quae
987 1884 1266 1939 dicuntur.
1339 1884 1446 1938 Sed
1488 1885 1624 1939 hacc
1661 1885 1929 1954 quaesti0‚
1965 1888 2258 1954 postquam
2298 1883 2369 1936 ab
2393 1886 2521 1936 utra
2545 1884 2707 1949 parte

411 1971 528 2024 siue
564 1976 763 2026 contra
799 1977 1046 2027 ueterum
1085 1972 1378 2027 doctorum
1416 1974 1751 2026 sententiam
1790 1974 1905 2026 siue
1952 1988 2056 2041 pro
2093 1988 2159 2024 ea
2195 1987 2392 2024 causae
2430 1970 2500 2023 ad
2537 1986 2704 2022 unam

411 2074 600 2112 omnes
638 2060 889 2128 prolatae
935 2066 1084 2129 sunt,
1144 2078 1208 2115 eo
1258 2065 1525 2130 prouecta
1581 2065 1684 2123 est,
1740 2065 1805 2113 ut
1859 2058 2157 2114 retractari
2213 2075 2353 2127 cam,
2408 2062 2703 2126 antequam

411 2161 588 2200 nouae
636 2152 873 2202 tesserae
927 2167 1043 2203 rem
1092 2150 1269 2219 magis
1324 2150 1672 2203 illustrantes
1727 2150 2099 2218 reperiantur,
2150 2147 2451 2201 admodum
2507 2146 2704 2200 inutile

412 2233 686 2290 uideatur.
759 2236 963 2292 Tamen
1002 2238 1170 2292 liceat
1204 2237 1342 2291 mihi
1379 2237 1484 2291 hoc
1522 2237 1646 2291 loco
1685 2236 1754 2292 de
1791 2236 1886 2290 illa
1923 2254 1983 2291 re
2021 2234 2272 2306 proferre
2309 2236 2701 2291 coniecturam.

411 2320 469 2375 Si
507 2339 703 2377 reuera
757 2329 1005 2380 tesserae
1045 2327 1191 2395 illae,
1249 2326 1308 2379 id
1353 2326 1505 2396 quod
1551 2326 1808 2394 equidem
1853 2327 2024 2379 certis
2076 2326 2417 2396 argumentis
2463 2325 2532 2378 iri
2570 2323 2702 2377 olim

409 2409 795 2466 confirmatum
834 2418 990 2484 puto,
1049 2414 1118 2469 ad
1175 2415 1551 2486 gladiaturam
1602 2414 1925 2469 referendae
1960 2418 2109 2484 sunt,
2158 2414 2299 2468 illud
2338 2413 2703 2483 „spectauit“,

406 2500 552 2569 quod
590 2501 758 2556 etiam
797 2504 898 2558 sub
935 2503 1140 2560 litteris
1164 2504 1244 2559 SP
1270 2504 1574 2575 ceterisque
1612 2505 1765 2574 latet,
1802 2521 1913 2559 non
1950 2503 2082 2559 licet
2118 2503 2398 2574 explicari,
2436 2503 2543 2556 nisi
2576 2520 2701 2571 pro·

402 2588 537 2644 fecti
574 2608 607 2645 a
641 2608 765 2646 mea
803 2593 953 2648 uocis
992 2595 1350 2663 „spectatus“
1409 2594 1874 2663 interpretatione
1923 2593 1993 2647 ad
2054 2592 2399 2662 „spectauiff‘
2449 2591 2702 2645 audimus

402 2678 732 2747 „populus“,
787 2680 867 2735 ita
914 2685 978 2736 ut
1021 2683 1246 2736 tesseris
1298 2681 1598 2750 indicetur,
1654 2681 1875 2751 quando
1922 2682 2163 2750 primum
2215 2681 2483 2750 spectarit
2528 2697 2700 2748 popu-

404 2765 492 2820 lus
539 2767 901 2836 gladiatorem
946 2771 980 2824 i.
1021 2788 1065 2826 e.
1108 2770 1219 2825 tiro
1265 2771 1326 2824 in
1372 2769 1628 2825 ordinem
1677 2770 2049 2840 gladiatorum
2096 2771 2171 2824 sit
2214 2774 2485 2838 receptus.
2558 2769 2701 2822 Puto

405 2872 537 2908 uero
602 2858 947 2924 ‚,spectauit“
1016 2858 1349 2912 uocabulum
1419 2856 1742 2912 technicum
1809 2863 1871 2911 ut
1924 2859 2006 2912 ita
2059 2858 2239 2912 dicam
2294 2856 2702 2927 gladiatoribus

402 2943 572 2997 fuisse
629 2943 776 3012 quod
820 2962 982 2999 nemo
1037 2946 1390 3016 ignorauerit
1461 2964 1572 3000 non
1623 2962 1743 3000 esse
1790 2945 2235 3015 coniungendam
2296 2961 2421 2999 cum
2466 2944 2704 2997 nominis

402 3030 725 3101 gladiatorii
762 3050 891 3087 casu
926 3034 1109 3103 primo
1147 3033 1325 3088 eidem
1371 3037 1617 3088 tesserae
1652 3034 1942 3103 inscripto.

606 3120 663 3188 2)
703 3120 955 3175 Salmasii
975 3122 1070 3190 (ad
1088 3122 1314 3192 Lampr.
1337 3122 1546 3179 Oomm.
1574 3123 1662 3192 15)
1685 3128 1743 3177 et
1767 3123 2048 3183 Welckeri
2069 3122 2214 3191 (syll.
2227 3124 2414 3191 epigr.
2434 3139 2487 3190 p.
2507 3122 2575 3174 65
2597 3119 2703 3191 sq.)

405 3210 752 3279 sententiam,
782 3211 890 3279 qui
936 3211 1168 3281 „palus“
1209 3211 1544 3266 uocabulum
1592 3229 1696 3281 pro
1743 3212 1950 3267 Graeco
1992 3211 2309 3266 habuerunt
2344 3214 2399 3264 et
2437 3209 2506 3263 de
2543 3210 2706 3264 sorti-

403 3296 557 3351 tione
593 3297 806 3352 dictum
843 3316 959 3353 esse
994 3305 1359 3369 putauerunt,
1398 3304 1558 3355 recte
1595 3300 1799 3354 refellit
1835 3300 2047 3369 primus
2084 3299 2269 3354 Labus
2305 3299 2454 3369 apud
2491 3297 2705 3353 Rosmi-

404 3386 559 3439 nium
605 3386 764 3455 (stor.
804 3388 862 3442 di
900 3388 1108 3443 Milano
1150 3389 1225 3445 1V
1261 3407 1317 3458 p.
1349 3391 1455 3444 435
1485 3391 1643 3459 sqq.),
1699 3390 1756 3442 id
1796 3389 1945 3459 quod
1987 3389 2267 3444 Cauedoni
2301 3389 2438 3443 bull.
2475 3387 2526 3441 d.
2570 3390 2703 3441 inst.

409 3477 547 3529 1846
584 3495 637 3545 p.
671 3478 770 3529 189
810 3483 1023 3547 monet3
1083 3477 1156 3532 cf.
1195 3479 1367 3532 etiam
1405 3477 1633 3532 Henzen
1670 3497 1727 3548 p.
1756 3481 1875 3533 105.
1950 3478 2015 3531 In
2073 3478 2371 3546 propatulo
2426 3479 2572 3532 enim
2618 3480 2705 3529 est

406 3568 687 3633 sumptum
738 3582 858 3619 esse
912 3565 1245 3620 uocabulum
1297 3566 1368 3620 ab
1424 3567 1938 3636 exercitationibus,
1993 3569 2052 3620 in
2103 3567 2303 3636 quibus
2361 3565 2702 3635 gladiatores

405 3650 640 3706 rudibus
688 3653 774 3706 usi
826 3655 973 3708 sicut
1025 3654 1232 3708 milites
1284 3659 1482 3708 eontra
1536 3654 1729 3724 palum
1777 3655 2132 3725 pugnabant,
2189 3655 2259 3708 de
2309 3672 2417 3723 qua
2463 3670 2523 3706 re
2574 3652 2703 3706 uide

405 3738 593 3793 Senec.
648 3742 811 3809 epist.
865 3744 949 3810 18,
997 3744 1048 3810 8,
1108 3742 1296 3796 quen.
1362 3748 1461 3797 sat.
1504 3742 1576 3796 VI
1616 3744 1722 3796 247
1768 3760 1895 3797 cum
1952 3743 2173 3804 scholio,
2229 3742 2422 3812 Veget.
2462 3742 2486 3794 I
2525 3758 2570 3794 c.
2613 3744 2697 3793 11.

405 3827 540 3881 Cum
606 3844 718 3882 uox
775 3830 1004 3899 „rudis“
1069 3831 1140 3884 ab
1204 3831 1409 3886 eisdem
1469 3832 1965 3887 exercitationibus
2018 3831 2352 3901 deprompta
2405 3830 2478 3884 sit
2534 3833 2704 3897 atque

404 3917 650 3986 „palus“,
688 3935 799 3972 non
836 3924 973 3988 puto
1012 3919 1267 3974 notiones
1320 3920 1572 3989 „primus
1610 3919 1808 3990 palus“
1855 3925 1913 3974 et
1959 3922 2179 3990 „prima
2222 3919 2414 3973 rudis“
2453 3917 2703 3971 diuersas

404 4005 555 4058 inter
592 4023 650 4059 se
689 4005 885 4060 fuisse.

606 4096 662 4165 3)
702 4094 899 4149 Inueni
934 4095 1215 4151 notionem
1258 4096 1478 4165 „palus
1516 4096 1811 4166 primus‘'‘
1849 4095 1937 4149 bis
1973 4095 2134 4149 locis:
2193 4095 2297 4150 Dio
2325 4095 2472 4150 Cass.
2502 4094 2700 4148 LXXII

407 4183 476 4233 22
515 4180 611 4251 (cf.
650 4183 936 4253 Lamprid.
976 4183 1255 4239 Commod.
1284 4200 1331 4238 c.
1361 4186 1441 4251 15,
1469 4187 1538 4254 8),
1578 4185 1713 4239 bull.
1748 4184 1801 4238 d.
1841 4184 1969 4239 inst.
2010 4186 2143 4238 1865
2171 4202 2223 4253 p.
2251 4187 2338 4253 80,
2381 4186 2517 4237 1870
2538 4203 2589 4252 p.
2617 4185 2698 4248 13,

405 4269 576 4325 Henz.
604 4273 746 4324 7419
767 4288 815 4341 o,
853 4271 1037 4326 Wilm.
1063 4274 1225 4343 2607,
1250 4274 1409 4337 2609,
1456 4272 1571 4326 CIL
1597 4272 1641 4325 V
1671 4274 1827 4342 5933,
1868 4273 1986 4327 CIG
2006 4274 2172 4341 26633
2210 4273 2440 4343 „palus
2480 4290 2701 4327 secun-

407 4358 589 4412 dus“:
641 4360 777 4414 bull.
817 4359 870 4414 d.
911 4362 1041 4416 inst.
1088 4364 1222 4416 1848
1260 4380 1310 4431 p.
1350 4364 1438 4431 70,
1478 4361 1593 4415 CIG
1625 4364 1767 4416 3765
1806 4361 1897 4432 (=-=
1919 4362 2080 4416 Kaib.
2110 4362 2267 4432 350);
2323 4381 2394 4432 „p
2413 4362 2617 4415 rima“
2656 4379 2698 4415 s.

407 4464 696 4516 „summa
733 4448 983 4504 rudis“:
1022 4449 1185 4504 Orell.
1209 4452 1368 4516 2575,
1395 4451 1563 4504 Henz.
1589 4453 1746 4518 6189,
1767 4450 1953 4505 Wilm.
1981 4452 2121 4504 2612
2143 4451 2450 4516 (cf.Friedl.
2476 4469 2527 4520 p.
2550 4453 2701 4520 511);

409 4536 757 4604 „secunda
799 4537 1059 4593 rudis“:
1097 4539 1235 4593 bull.
1279 4539 1330 4593 d.
1374 4540 1505 4594 inst.
1553 4541 1688 4595 1865
1725 4558 1778 4609 p.
1819 4540 1904 4609 11,
1941 4539 2104 4595 Orell.
2143 4540 2302 4609 2573,
2339 4541 2498 4593 2574.
