3190 5037
1537 339 1605 391 21

427 516 529 594 qui
569 515 932 593 praeclarum
966 513 1348 592 Philogelotis
1393 509 1501 588 (87
1550 514 1639 574 ed.
1687 509 1929 592 Eberh.)
1976 514 2085 573 hoc
2129 514 2202 572 de
2245 518 2513 573 secutore
2555 516 2728 574 testi-

426 618 684 675 monium
734 615 969 674 attulit:
1016 611 1375 692 σχολαστικὸς
1415 611 1513 674 ἐπὶ
1555 618 1659 694 τῆς
1700 610 1882 686 οἰκίας
1916 608 2263 691 σεκούτωρος
2299 618 2498 692 σχῆμα
2526 611 2729 690 λαβὼν

428 711 664 788 ἔπαιζεν
689 729 701 742 ·
727 711 894 794 ἄφνω
929 709 994 774 δέ
1033 735 1177 787 τινος
1217 712 1668 794 ἀπαγγείλαντος
1696 713 1858 800 αὐτῷ
1884 712 1991 793 τὴν
2019 710 2346 793 παρουσίαν
2374 718 2477 773 τοῦ
2518 710 2732 792 πατρὸς

428 814 612 898 ῥίψας
657 812 721 876 τὸ
782 811 958 875 ὅπλον
1011 811 1139 876 ἔλυε
1205 813 1311 894 τὴν
1365 815 1614 894 κνημῖδα
1641 830 1654 843 ·
1685 813 2022 896 φθάσαντος
2063 812 2126 876 δὲ
2168 819 2270 874 τοῦ
2312 811 2527 893 πατρὸς
2566 802 2727 899 αὐτῷ

426 915 726 997 ἐπιστῆναι
771 912 915 996 ἔχων
967 914 1076 997 τὴν
1138 915 1595 997 περικεφαλαίαν
1641 913 1868 995 βιβλίον
1909 913 2252 996 ἀνεγίνωσκε
2270 914 2337 993 ¹).
2423 918 2587 977 Vnde
2629 918 2729 976 ille

428 1021 693 1079 concludi
746 1021 934 1080 voluit
988 1026 1308 1079 secutorem
1365 1025 1606 1096 praeter
1658 1021 1885 1097 galeam
1939 1019 2202 1096 gladium
2262 1024 2493 1078 scutum
2548 1020 2726 1078 etiam

429 1124 615 1180 ocreis
671 1141 797 1180 esse
852 1142 1020 1181 usum
1087 1121 1237 1179 hanc
1280 1123 1630 1180 sententiam
1686 1121 2016 1183 confirmari
2076 1126 2243 1180 ratus
2295 1121 2581 1196 imprimis
2625 1119 2726 1177 illo

426 1222 624 1282 Vrbici
668 1224 953 1282 secutoris
997 1227 1388 1293 monument0,
1451 1222 1611 1298 quod
1657 1221 1952 1281 Cauedoni
2011 1222 2069 1278 in
2131 1223 2463 1281 recensione
2507 1221 2725 1278 Henze-

429 1324 638 1383 nianae
683 1324 1110 1382 dissertationis
1154 1322 1226 1380 de
1281 1324 1512 1381 musiuo
1568 1322 1963 1400 burghesiano
2023 1320 2281 1394 (bullett.
2347 1321 2483 1380 dell.
2537 1321 2725 1380 instit.

427 1424 685 1486 archeol.
736 1425 891 1484 1846
940 1444 996 1500 p.
1044 1420 1190 1499 190)
1233 1429 1503 1483 accurate
1548 1423 1969 1500 descripsisset.
2047 1422 2377 1498 Philogelos
2422 1442 2567 1480 uero
2613 1440 2726 1479 non

427 1526 499 1585 de
561 1526 824 1596 ocreis,
883 1525 987 1584 sed
1055 1524 1126 1583 de
1190 1545 1331 1583 una
1380 1544 1583 1583 ocrea
1632 1525 1925 1601 loquitur3
1994 1524 2139 1583 dicit
2190 1525 2369 1583 enim:
2435 1515 2565 1582 ἔλυε
2626 1517 2725 1600 τὴν

431 1623 696 1703 κνημῖδα.
786 1626 908 1684 Iam
953 1645 1154 1683 uerum
1202 1626 1485 1702 perlucet.
1573 1625 1687 1684 Sed
1731 1627 1915 1684 omnis
1965 1625 2259 1684 dubitatio
2305 1630 2631 1694 euanescet,
2676 1624 2729 1682 si

430 1728 748 1787 Cauedonii
801 1727 1251 1803 descriptionem
1300 1728 1459 1786 illius
1505 1729 1867 1785 monumenti
1915 1728 2245 1785 accuratius
2288 1726 2725 1802 perlegerimuS.

431 1829 587 1886 Dicit
630 1830 781 1887 enim
813 1827 956 1885 haec
998 1827 1149 1885 fere:
1197 1827 1554 1906 „descriptio
1600 1834 1936 1886 armaturae
1965 1826 2164 1885 Vrbici
2205 1827 2508 1896 secutori8‚
2554 1845 2727 1902 quam

431 1930 663 1988 Henzen
723 1928 974 1987 confisus
1034 1928 1348 1987 Muratorii
1402 1930 1736 1987 testimonio
1793 1930 2030 1996 fecerat,
2096 1947 2212 1985 non
2266 1930 2408 1985 satis
2454 1931 2730 1985 accurata

430 2039 538 2088 est.
626 2028 876 2086 Vrbicus
918 2031 1175 2088 uestitus
1221 2035 1308 2088 est
1356 2028 1683 2100 ‚‚esomide“
1733 2060 1809 2069 —
1856 2030 1894 2087 i.
1942 2049 1991 2087 e.
2038 2029 2162 2087 sine
2204 2027 2384 2087 dubio
2429 2026 2729 2102 „subliga-

430 2129 599 2190 culo“
644 2162 726 2170 —-
771 2131 962 2188 cincta
1005 2131 1171 2207 largo
1219 2131 1445 2201 balteo;
1504 2132 1807 2189 sinistrum
1852 2151 1982 2189 crus
2026 2135 2228 2188 tuetur
2272 2149 2458 2208 ocrea,
2521 2129 2731 2188 dextra

429 2251 633 2290 manus
682 2231 916 2289 sublata
972 2231 1234 2307 gladium
1286 2231 1648 2306 destrictum,
1718 2233 1958 2291 sinistra
2009 2236 2238 2289 scutum
2294 2250 2616 2289 conuexum
2670 2231 2731 2288 in

429 2331 662 2390 modum
711 2332 865 2391 aluei
926 2337 1115 2404 tenet;
1183 2334 1319 2412 palo
1366 2352 1551 2411 prope
1606 2333 1996 2410 gladiatorem
2061 2334 2121 2390 in
2189 2337 2408 2390 terram
2471 2333 2728 2389 immisso

427 2432 595 2507 galea
636 2432 952 2491 Samnitica
991 2430 1375 2495 sustinetur.“
1466 2434 1624 2493 Haec
1652 2452 1796 2492 uero
1841 2433 1916 2491 ad
1956 2454 2134 2507 unum
2165 2434 2359 2492 omnia
2402 2452 2565 2491 arma
2595 2436 2733 2490 sunt

429 2529 831 2610 Samnitica2).
919 2534 1034 2593 Res
1101 2542 1190 2593 est
1247 2536 1690 2613 simplicissima.
1778 2536 2067 2594 Nimirum
2128 2554 2334 2594 nomen
2384 2533 2727 2593 Samnitium

627 2780 680 2849 1)
732 2780 993 2835 Testatur
1034 2781 1211 2849 igitur
1258 2781 1427 2834 etiam
1477 2780 1791 2850 Philogelos
1838 2785 2155 2835 secutorem
2199 2781 2461 2835 habuisse
2508 2784 2728 2833 scutum

427 2871 485 2923 et
521 2868 754 2939 galeam.

623 2956 678 3025 2)
720 2955 1078 3010 Praetermisi
1126 2955 1315 3009 adhuc
1358 2954 1559 3008 Isidori
1597 2972 1709 3010 non
1746 2956 1908 3025 plane
1944 2957 2226 3025 integrum
2264 2956 2334 3010 de
2372 2957 2723 3011 secutoribus

430 3042 839 3111 testimonium3
877 3043 923 3096 is
959 3043 1106 3096 enim
1144 3042 1284 3096 dicit
1324 3043 1463 3113 orig.
1503 3042 1686 3098 XVIII
1713 3045 1813 3097 55:
1854 3047 2112 3113 „secutor
2149 3044 2220 3098 ab
2258 3044 2601 3113 insequendo
2640 3062 2721 3098 re·

429 3130 656 3184 tiarium
693 3130 901 3198 dictus3
957 3132 1214 3200 gestabat
1268 3131 1413 3184 enim
1467 3132 1758 3201 cuspidem
1806 3133 1863 3185 et
1918 3149 2156 3185 massam
2203 3133 2536 3202 plumbeam,
2583 3150 2723 3202 quae

428 3218 740 3273 aduersarii
783 3219 1024 3274 iaculum
1069 3219 1380 3288 impediret,
1438 3224 1517 3285 ut,
1566 3224 1863 3289 antequam
1903 3220 1998 3273 ille
2047 3219 2245 3273 feriret
2293 3222 2421 3290 reti,
2474 3222 2593 3291 ipse
2641 3239 2726 3275 ex-

427 3308 770 3377 superaret“.
847 3307 1106 3377 „Cuspis“
1147 3307 1299 3361 dicta
1336 3307 1472 3360 mihi
1511 3325 1626 3361 esse
1660 3308 1884 3362 uidetur
1916 3325 2019 3377 pro
2061 3308 2292 3382 gladio;
2299 3309 2386 3368 cf
2421 3327 2470 3365 c.
2500 3312 2599 3364 54;
2638 3315 2731 3372 „ut

429 3397 814 3451 adversarium
853 3396 906 3462 (i.
947 3414 992 3451 e.
1012 3398 1364 3465 secutorem)
1403 3397 1633 3466 cuspide
1671 3388 2052 3452 insistentem“
2080 3427 2147 3437 —
2174 3383 2322 3451 nam
2342 3397 2421 3452 sic
2460 3414 2565 3467 pro
2610 3399 2725 3468 „in-

430 3483 697 3540 sistente“
754 3486 1111 3540 scribendum
1169 3490 1257 3539 est
1312 3516 1379 3525 —
1437 3487 1719 3555 „operiret
1771 3485 1868 3553 (sc.
1908 3486 2095 3555 reti)“.
2168 3486 2365 3556 Itaque
2409 3486 2727 3541 Leemansii

429 3574 750 3629 coniectura
786 3574 941 3642 (Rev.
984 3574 1132 3628 arch.
1155 3574 1235 3627 IX
1265 3572 1449 3644 [1852]
1475 3591 1529 3643 p.
1556 3576 1644 3639 80)
1682 3575 2019 3643 ‚‚cassidem“
2060 3591 2163 3643 pro
2201 3574 2557 3644 ‚‚cuspidem“
2599 3575 2728 3629 scri·

427 3663 611 3717 bentis
639 3680 748 3717 non
784 3681 922 3733 opus
948 3664 1085 3717 mihi
1113 3681 1230 3717 esse
1255 3664 1496 3718 uidetur.
1572 3664 1679 3717 Sed
1706 3665 1881 3719 uerba
1918 3681 2190 3733 „massam
2216 3664 2572 3733 plumbeam“
2610 3663 2730 3718 sine

429 3751 599 3805 dubio
648 3756 914 3821 corrupta
950 3755 1095 3805 sunt.
1170 3751 1226 3806 Si
1270 3753 1540 3807 secutoris
1581 3769 1751 3822 arma,
1800 3753 1868 3807 de
1918 3753 2119 3821 quibus
2156 3750 2481 3806 testimonia
2517 3752 2729 3820 optima

429 3844 576 3907 sunt,
631 3840 930 3910 perlustrO,
976 3840 1189 3893 nullum
1227 3840 1378 3895 aliud
1415 3841 1671 3894 inuenire
1712 3858 1936 3910 possum
1974 3842 2361 3911 tegimentum,
2415 3840 2562 3909 quod
2602 3840 2728 3908 „ad-

431 3929 663 3982 uersarii
703 3929 943 3983 iaculum
968 3929 1317 3996 impediret“,
1357 3928 1466 3982 nisi
1506 3932 1741 3998 scutum,
1781 3928 1930 3998 quod
1966 3933 2082 3982 tam
2119 3945 2382 3997 magnum
2420 3931 2520 3993 est,
2561 3932 2643 3992 ut,
2681 3930 2731 3982 si

429 4018 568 4072 bene
625 4017 806 4070 iaculo
868 4018 1186 4085 opponitur,
1240 4033 1438 4070 reuera
1495 4018 1795 4086 prohibere
1851 4018 2045 4087 possit,
2096 4017 2395 4085 quominus
2454 4016 2727 4070 secutoris

429 4109 600 4175 caput
648 4109 975 4172 ceteraeque
1023 4105 1272 4173 corporis
1319 4110 1511 4174 partes
1555 4104 1654 4159 illo
1703 4106 2077 4174 implicentur.
2156 4105 2369 4173 Quodsi
2407 4121 2494 4158 res
2545 4105 2627 4157 ita
2672 4123 2730 4159 se

429 4194 616 4258 habet,
670 4210 795 4247 cum
848 4193 1174 4248 Leemansio
1231 4194 1586 4248 scribendum
1640 4199 1726 4249 est
1783 4210 2085 4263 „magnum
2135 4193 2432 4262 clipeum“.
2522 4190 2729 4244 Tamen

431 4282 572 4337 hanc
619 4282 910 4336 lectionem
969 4298 1078 4335 non
1127 4287 1243 4335 tam
1280 4276 1497 4337 Isidoro
1545 4281 1669 4351 ipsi,
1726 4300 1891 4351 quam
1931 4284 2046 4337 eius
2097 4282 2244 4336 fonti
2297 4279 2728 4354 uindicauerim3

430 4387 559 4424 nam
598 4387 709 4424 non
756 4371 933 4424 solum
971 4370 1191 4424 codices
1229 4371 1428 4424 aetatis
1477 4370 1825 4440 posterioris,
1872 4371 1968 4425 sed
2004 4371 2170 4425 etiam
2210 4374 2325 4423 tres
2363 4369 2729 4423 uetustissimi

431 4476 601 4528 supra
636 4459 929 4513 memorati
975 4458 1056 4512 ita
1108 4458 1168 4512 in
1222 4458 1460 4513 lectione
1503 4476 1776 4527 „massam
1826 4460 2180 4529 plumbeam“
2237 4456 2612 4526 consentiunt,
2666 4461 2730 4512 ut

430 4563 544 4601 non
581 4546 811 4600 dubium
848 4547 936 4609 sit,
972 4546 1106 4614 quin
1142 4545 1386 4601 Isidorus
1424 4546 1544 4615 ipse
1587 4547 1670 4601 ita
1708 4548 2012 4617 scripserit.
