3190 5037
1568 268 1640 320 40

450 450 649 520 nitica,
672 449 733 505 in
753 447 985 525 pictura
1007 466 1149 506 uero
1166 445 1520 524 Pompeiana
1532 440 1702 519 (bull.
1718 446 1870 523 Nap.
1884 466 1940 506 n.
1959 445 2077 505 VII
2095 446 2215 506 tab.
2236 440 2339 522 10)
2362 447 2547 505 multa
2570 449 2755 506 omnis
2783 463 2790 470 ·

451 550 683 626 generis
708 566 868 606 arma
889 548 1287 606 inueniuntur.
1320 546 1390 605 In
1406 546 1661 604 lucernis
1679 543 1723 619 ¹)
1739 552 1937 605 autem
1962 566 2138 623 saepe
2166 547 2402 624 depicta
2429 553 2569 607 sunt
2592 568 2756 629 arma

455 650 852 726 gladiatorum
898 649 1127 725 paris:
1176 648 1451 706 Thraecis
1483 653 1544 706 et
1579 648 1908 725 oplomaehi
1941 651 2000 706 in
2044 648 2281 707 lucerna
2316 650 2564 708 Bartolii
2611 643 2757 726 (tab.

459 752 568 809 95:
631 751 780 810 duae
823 768 1024 808 ocreae
1061 750 1234 826 galea
1278 751 1397 808 sica
1439 769 1647 826 parma
1690 756 1918 808 scutum
1962 749 2197 826 gladius
2241 745 2459 827 galea),
2505 751 2755 809 duorum

458 851 782 908 Thraecum
843 852 905 909 in
962 851 1073 910 luc.
1120 851 1482 925 Moguntiac.
1542 846 1637 925 (cf.
1681 871 1741 928 p.
1790 853 1870 909 34
1914 856 2035 910 not.
2087 845 2167 926 1).
2261 851 2329 908 In
2382 852 2564 910 tertia
2616 870 2759 909 uero

459 952 696 1009 lucerna
743 947 930 1026 (Bart.
976 952 1099 1009 tab.
1154 952 1256 1024 95)
1273 947 1322 1026 ²)
1382 957 1620 1028 praeter
1657 952 1901 1027 'galeam
1946 956 2007 1009 et
2049 971 2158 1028 par
2203 951 2543 1027 clipeorum,
2608 972 2761 1028 quae

460 1053 534 1110 ad
592 1053 807 1109 nullam
870 1058 1088 1111 certam
1153 1054 1449 1129 pertinere
1511 1051 1789 1110 uidentur
1843 1056 2222 1129 armaturam,
2288 1053 2449 1128 picta
2504 1059 2641 1111 sunt
2699 1053 2761 1110 in

463 1153 653 1211 altera
692 1157 864 1231 parte
908 1174 1114 1230 parma
1160 1152 1417 1211 rotunda
1474 1152 1625 1209 duae
1682 1172 1885 1210 ocreae
1944 1153 2112 1227 galea
2157 1158 2386 1211 scutum
2432 1172 2550 1210 una
2594 1172 2765 1210 ocrea

461 1253 630 1329 galea
669 1254 707 1309 i.
742 1273 792 1312 e.
837 1259 1137 1312 armatura
1167 1254 1446 1312 Thraecis
1491 1259 1551 1312 et
1581 1254 1930 1331 oplomachi,
1975 1256 2031 1311 in
2064 1255 2254 1313 altera
2297 1254 2510 1311 iterum
2540 1253 2761 1313 Thrae-

465 1356 543 1412 cis
589 1374 792 1413 ocreae
837 1376 1042 1433 parma
1085 1355 1377 1431 quadrata
1420 1355 1591 1431 galea
1637 1361 1815 1432 atque
1857 1375 2020 1414 arma
2064 1355 2213 1413 alius
2264 1356 2520 1430 generis:
2566 1356 2765 1413 tunica

463 1456 684 1533 clipeus
726 1455 915 1532 galea,
962 1476 1113 1533 quae
1160 1476 1287 1515 cum
1335 1475 1523 1532 neque
1569 1455 1847 1515 Thraecis
1893 1476 2085 1533 neque
2130 1455 2457 1534 oplomachi
2504 1457 2643 1528 sint,
2689 1456 2763 1513 ad

465 1556 743 1614 Thraecis
800 1577 941 1614 uero
999 1556 1399 1615 aduersarium
1455 1558 1752 1633 pertinere
1804 1557 2137 1627 uideantur,
2201 1556 2278 1614 ad
2334 1556 2763 1615 murmillonem

462 1655 767 1714 referenda
835 1662 989 1717 sunt.
1079 1656 1374 1715 Habemus
1439 1658 1624 1733 igitur
1691 1659 1835 1716 satis
1894 1663 2055 1716 certa
2121 1659 2329 1735 opinor
2401 1663 2765 1732 argumenta,

465 1757 678 1832 quibus
725 1757 1120 1816 murmillones
1175 1762 1414 1835 praeter
1471 1763 1637 1816 scuta
1680 1759 2005 1834 sexangula
2048 1759 2265 1836 clipeos
2310 1765 2492 1834 atque
2533 1760 2765 1817 tunicas

467 1857 745 1916 habuisse
798 1856 1069 1915 efficitur.
1135 1880 1218 1904 ⁴—
1285 1857 1599 1916 Praeterea
1653 1861 1713 1916 in
1769 1866 2143 1917 monumento
2188 1859 2405 1932 Scauri,
2468 1865 2540 1917 ut
2584 1878 2765 1941 supra

467 1960 742 2033 uidimus,
788 1959 940 2016 alter
983 1960 1256 2018 retiarius
1287 1960 1612 2017 ministerio
1658 1980 1867 2018 arenae
1897 1961 2132 2019 functus
2161 1962 2503 2019 morientem
2536 1959 2767 2035 gladia-

466 2064 674 2137 torem,
741 2079 913 2135 quem
979 2059 1242 2136 equidem
1311 2079 1420 2138 pro
1480 2060 1847 2119 murmillone
1912 2060 2238 2135 habuerim,
2305 2063 2365 2119 in
2427 2060 2763 2137 spoliarium

469 2161 866 2223 translaturus
913 2165 1028 2232 est3
1098 2161 1489 2220 consideranti
1548 2180 1692 2219 uero
1736 2162 1984 2221 alterum
2030 2163 2332 2221 retiarium
2380 2161 2526 2219 mihi
2566 2161 2769 2218 existit

474 2262 728 2338 suspicio
759 2280 889 2318 eum
935 2281 1058 2319 esse
1088 2263 1420 2320 tertiarium
1455 2281 1555 2319 seu
1602 2264 2044 2339 suppositicium
2092 2268 2299 2320 contra
2342 2263 2768 2320 murmillonem

468 2363 749 2421 uictorem
813 2361 1233 2440 pugnaturum.
1322 2364 1534 2440 Itaque
1592 2366 1770 2421 etiam
1821 2364 1931 2422 hac
1985 2384 2047 2422 re
2108 2365 2443 2422 coniectura
2505 2383 2633 2422 mea
2697 2363 2771 2421 de

471 2463 937 2523 murmillonibus
981 2464 1272 2535 firmatur,
1315 2467 1662 2543 praesertim
1702 2485 1830 2524 cum
1877 2466 2153 2524 retiarius
2184 2470 2596 2544 praeterquam
2639 2483 2767 2523 cum

471 2571 736 2625 secutore
782 2585 911 2623 cum
956 2586 1071 2624 uno
1115 2566 1484 2625 murmillone
1530 2569 1798 2644 componi
1841 2564 2111 2641 soleatss).

673 2666 786 2725 Sed
844 2672 983 2726 sunt
1036 2667 1287 2725 fortasse
1347 2668 1448 2743 qui
1502 2668 1635 2725 illos
1688 2667 2047 2743 gladiatores
2099 2666 2174 2725 ob
2218 2687 2345 2726 eam
2388 2685 2507 2725 rem
2555 2671 2770 2741 negent

472 2789 597 2827 esse
626 2769 1040 2839 murmillones,
1086 2767 1244 2844 quod
1288 2768 1480 2826 adhuc
1509 2788 1626 2826 non
1671 2772 1901 2827 constet
1929 2766 2102 2827 huius
2146 2770 2381 2845 generis
2408 2768 2769 2845 gladiatores

674 2996 724 3069 1)
764 2998 1138 3052 Inueniuntur
1185 2998 1243 3052 in
1279 2998 1601 3052 huiusmodi
1647 3000 2018 3052 monumentis
2066 3000 2233 3053 etiam
2277 2999 2527 3068 singulae
2564 2998 2771 3068 galeae,

475 3086 633 3142 uelut
681 3088 738 3140 in
786 3088 972 3155 aliqua
1016 3088 1241 3141 lucerna
1286 3087 1638 3157 Moguntiaci
1690 3091 1931 3141 seruata.
2007 3087 2148 3155 Quin
2188 3089 2383 3140 extant
2419 3086 2677 3141 lucernae
2712 3086 2770 3139 in

474 3177 700 3230 modum
742 3175 933 3245 galeae
972 3174 1339 3246 gladiatoriae
1376 3175 1667 3244 formatae,
1707 3174 2119 3229 Wisibadenses
2159 3174 2299 3228 duae
2326 3192 2417 3228 nn.
2446 3176 2603 3229 6446.
2632 3176 2768 3227 6387

475 3264 563 3331 (cf.
603 3264 795 3318 Emele
825 3264 1152 3324 ‚Beschreib.
1210 3268 1346 3318 rom.
1408 3283 1461 3318 u.
1518 3264 1768 3318 deutsch.
1827 3263 2066 3317 Alterth.
2117 3263 2174 3316 in
2222 3262 2407 3316 Mainz
2449 3264 2605 3331 1825,
2659 3263 2771 3316 tab.

478 3352 604 3405 VIII
636 3357 684 3421 1,
719 3351 796 3421 2);
848 3352 989 3406 aliae
1035 3352 1308 3406 eiusmodi
1359 3353 1617 3407 lucernae
1677 3352 1984 3407 delineatae
2031 3356 2163 3406 sunt
2215 3353 2271 3405 in
2319 3351 2575 3406 Vineellii
2623 3352 2771 3405 libro

399 3459 405 3464 ·
476 3440 716 3508 „recueil
755 3440 806 3494 d.
857 3457 1100 3494 monum.
1149 3440 1297 3494 ant.“
1355 3441 1514 3495 Paris
1556 3441 1691 3494 1817
1731 3442 1845 3496 tab.
1877 3442 2147 3510 26‚1—3,
2194 3441 2354 3511 galea
2393 3440 2667 3494 secutoris
2706 3457 2775 3493 ex

480 3530 632 3582 uitro
671 3528 820 3582 sacta
857 3528 1033 3581 Bonn.
1071 3527 1296 3583 Iahrbb.
1334 3530 1568 3584 XXXVI
1594 3531 1708 3583 tab.
1738 3533 1786 3586 3.

676 3619 728 3682 2)
769 3617 979 3670 Bartoli
1028 3634 1183 3670 arma
1230 3617 1367 3671 falso
1418 3636 1523 3688 pro
1567 3619 1824 3672 barbaris
1865 3621 1922 3671 et
1971 3634 2162 3671 ocreas
2213 3634 2318 3686 pro
2357 3615 2539 3670 bracis
2576 3615 2775 3682 habet3

479 3702 788 3757 delineatae
831 3707 960 3757 sunt
1001 3709 1289 3773 praeterea
1326 3705 1383 3758 in
1419 3706 1649 3760 lucerna
1687 3711 1955 3776 quattuor
1994 3723 2104 3774 res,
2152 3723 2288 3775 quas
2325 3703 2541 3776 gladios
2579 3721 2777 3772 parum

477 3791 789 3845 intellectos
840 3808 958 3845 esse
997 3791 1353 3861 coniecerim3
1412 3792 1737 3847 referendae
1792 3796 1922 3849 sunt
1977 3793 2048 3846 ad
2105 3796 2373 3861 quattuor
2420 3790 2759 3860 gladiatores

479 3895 714 3946 quorum
754 3896 908 3931 arma
945 3878 1228 3947 descripta
1266 3883 1410 3934 sunt.

684 3966 738 4034 3)
778 3965 1090 4020 Coniecerit
1116 3967 1349 4022 fortasse
1375 3968 1648 4038 quispiam
1675 3967 2087 4022 murmillonem
2115 3968 2281 4021 etiam
2320 3969 2379 4022 in
2417 3968 2780 4037 sarcophagO,

482 4071 644 4121 quem
684 4054 818 4107 Gori
864 4054 1028 4108 inser.
1080 4059 1192 4109 ant.
1241 4056 1318 4109 111
1371 4057 1484 4110 tab.
1531 4058 1602 4110 34
1647 4056 1840 4121 edidit,
1893 4059 2234 4125 pugnantem
2286 4072 2409 4110 cum
2458 4053 2780 4108 aduersario

480 4143 749 4210 grauibus
796 4142 965 4195 armis
1014 4147 1165 4196 tecto
1212 4146 1425 4211 pictum
1473 4161 1611 4198 esse.
1687 4144 1787 4199 Est
1834 4143 2057 4213 quidem
2105 4143 2152 4195 is
2200 4144 2365 4199 homo
2417 4142 2634 4211 Gallus;
2685 4143 2783 4196 sed

481 4230 781 4298 Rossbach,
829 4231 926 4300 qui
964 4230 1032 4284 de
1072 4232 1176 4285 hoc
1212 4238 1572 4286 monumento
1611 4233 1669 4286 in
1711 4234 1857 4287 libro
1896 4232 2082 4300 „Rom
2122 4231 2446 4286 Hochzeits·
2488 4231 2601 4285 und
2640 4231 2781 4285 Ehe-

482 4318 838 4372 denkmaler“
877 4336 932 4387 p.
981 4320 1079 4373 152
1120 4321 1253 4389 egit,
1312 4339 1511 4376 munus
1563 4321 1788 4391 aliquod
1832 4319 2262 4389 intellegendum
2320 4338 2437 4375 esse
2474 4320 2782 4373 arbitratus

483 4407 647 4475 plane
693 4408 922 4460 errauit.
996 4407 1135 4461 Nam
1177 4408 1380 4463 collato
1433 4410 1608 4463 altero
1656 4407 1980 4486 Rossbachii
2030 4407 2369 4477 sarcophago
2427 4408 2783 4475 perspicuum

482 4493 548 4564 fit
585 4511 775 4547 ueram
813 4512 1054 4564 pugnam
1095 4494 1334 4550 hominis
1373 4499 1585 4551 mortui
1624 4514 1747 4551 cum
1788 4498 1944 4551 hoste
1989 4495 2233 4549 barbaro
2272 4496 2609 4549 delineatam
2650 4511 2783 4548 esse.
