3190 5037
1599 290 1668 343 20

482 471 605 530 eius
663 468 1066 529 aduersarium
1120 458 1246 530 esse
1299 488 1417 528 non
1470 473 1815 546 secutorem,
1882 467 1984 526 sed
2026 467 2364 542 Samnitem,
2431 469 2595 528 cuius
2647 473 2783 547 post

483 569 741 646 Augusti
783 574 1035 629 aetatem
1073 570 1238 629 nulla
1280 569 1388 628 fiat
1430 567 1689 629 mentio?

680 671 960 730 Omnibus
1017 672 1163 730 uiris
1209 670 1396 730 doctis
1442 676 1570 730 erat
1613 675 1816 728 notum
1860 671 2017 730 inter
2063 671 2348 730 secutoris
2390 691 2555 729 arma
2603 671 2781 729 fuisse

445 772 708 849 ‘galeam
758 771 1019 847 gladium
1079 777 1332 833 scutum.
1421 773 1565 831 Eius
1618 773 1705 831 rei
1748 776 1931 832 testes
1976 777 2113 831 sunt
2158 772 2267 831 Dio
2314 771 2552 844 LXXII,
2601 774 2696 844 19,
2745 773 2781 831 2

485 864 609 947 (καὶ
637 865 848 949 ἐχρῆτο
881 865 1261 949 [Κόμμοδος]
1293 876 1361 956 τῇ
1397 867 1617 932 ὁπλίσει
1659 875 1727 956 τῇ
1769 875 1872 930 τοῦ
1906 868 2250 950 σεκούτωρος
2289 866 2649 948 καλουμένου
2679 868 2786 951 τὴν

480 968 594 1048 μὲν
635 968 851 1030 ἀσπίδα
884 965 949 1032 ἐν
989 977 1055 1058 τῇ
1085 971 1260 1058 δεξιᾷ,
1305 969 1368 1032 τὸ
1414 969 1477 1033 δὲ
1520 970 1685 1053 ξίφος
1726 969 1788 1032 τὸ
1833 962 2060 1045 ξύλινον
2103 969 2172 1034 ἐν
2210 977 2278 1057 τῇ
2312 970 2579 1057 ἀριστερᾷ
2607 968 2784 1052 ἔχων)

482 1074 626 1135 ibid.
669 1071 702 1150 ξ
745 1079 783 1133 4
831 1067 955 1152 (οὓς
992 1118 1007 1133 .
1031 1121 1044 1135 .
1074 1119 1088 1134 .
1131 1069 1323 1153 ἐφίλει
1365 1068 1554 1152 ὥσπερ
1597 1064 1716 1153 εἶχε
1759 1069 1853 1133 διὰ
1896 1077 1997 1132 τοῦ
2035 1069 2300 1152 κράνους)
2355 1074 2534 1134 schol.
2579 1075 2783 1134 quen.

483 1175 564 1235 VI
610 1176 730 1234 108
776 1169 869 1252 (cf.
917 1196 976 1253 p.
1031 1170 1137 1252 10)
1182 1175 1482 1253 Lamprid.
1541 1174 1841 1235 Commod.
1884 1195 1932 1234 c.
1991 1178 2088 1246 16,
2133 1170 2235 1249 7¹)
2281 1167 2477 1252 (galea
2529 1175 2651 1232 eius
2695 1173 2786 1232 bis

483 1297 592 1355 per
650 1283 886 1354 portam
934 1276 1356 1338 Libitinensem
1405 1278 1560 1336 elata
1606 1270 1744 1351 est).
1834 1276 2068 1335 Henzen
2132 1296 2272 1335 uero
2338 1276 2520 1335 allato
2582 1277 2783 1352 impri-

484 1380 592 1437 mis
642 1384 1016 1437 monumento
1069 1379 1351 1436 secutoris
1408 1376 1606 1435 Vrbici
1670 1370 1771 1452 (cf.
1827 1376 2051 1435 Murat.
2095 1396 2154 1453 p.
2201 1377 2343 1446 617,
2401 1370 2479 1450 1),
2543 1377 2601 1433 in
2668 1394 2785 1451 quo

486 1478 821 1556 „gladiator
871 1483 1039 1536 extat
1089 1477 1351 1552 gladium
1409 1497 1650 1536 mouens
1692 1483 1751 1536 et
1794 1477 2060 1555 clypeum
2106 1497 2172 1534 ac
2215 1476 2395 1534 lorica
2437 1481 2507 1534 ut
2549 1476 2786 1534 uidetur

485 1580 738 1658 quadam
783 1579 1046 1650 indutus,
1103 1579 1286 1637 ocreis
1333 1583 1546 1649 tamen,
1606 1577 1818 1654 quibus
1862 1579 2018 1636 inter
2058 1577 2475 1654 insequendum
2518 1576 2787 1655 impediri

483 1686 740 1760 poterat,
785 1673 1114 1759 carens“²)‚
1157 1676 1255 1751 (cf.
1290 1680 1466 1737 etiam
1491 1678 2012 1739 Friedlaenderum
2056 1697 2117 1755 p.
2146 1673 2293 1753 515)
2335 1679 2559 1738 leuiora
2608 1680 2787 1737 fuisse

485 1785 769 1842 secutoris
799 1802 962 1839 arma
992 1779 1246 1858 putabat
1277 1785 1339 1838 et
1368 1779 1740 1838 aduersarios
1770 1779 2146 1838 retiariorum
2175 1779 2236 1836 in
2265 1781 2494 1837 musiuo
2526 1779 2785 1839 Winkel-

485 1885 682 1942 manni
736 1882 1057 1940 delineatos
1116 1901 1226 1959 pro
1291 1880 1658 1940 secutoribus
1718 1878 1993 1940 habebat.
2082 1879 2197 1938 Sed
2250 1881 2618 1941 secutoribus
2671 1901 2786 1938 non

484 2005 657 2064 posse
710 1983 893 2042 tribui
953 2001 1114 2042 arma
1168 1983 1393 2041 leuiora
1445 1981 1615 2040 docet
1680 1983 1792 2040 nisi
1837 1982 2008 2040 fallor
2051 1981 2215 2040 locus
2259 1981 2638 2051 Artemidori,
2683 1983 2787 2058 qui

486 2086 788 2145 onirocrit.
831 2084 894 2143 II
937 2085 1015 2144 32
1063 2083 1232 2141 dicit:
1297 2079 1352 2140 εἰ
1393 2078 1455 2141 δὲ
1500 2070 1807 2158 σεκούτωρι
1852 2076 2143 2155 (πυκτεύοι
2187 2082 2289 2154 τις)
2338 2076 2638 2160 εὔμορφον
2675 2077 2789 2158 μὲν

484 2179 738 2262 λήψεται
779 2185 1024 2261 γυναῖκα
1062 2180 1160 2240 καὶ
1198 2177 1497 2254 πλουσίαν,
1538 2176 1694 2260 μέγα
1739 2177 1800 2241 δὲ
1844 2186 2175 2260 φρονοῦσαν
2218 2178 2317 2241 ἐπὶ
2345 2185 2426 2266 τῇ
2474 2177 2644 2264 οὐσίᾳ
2688 2180 2787 2240 καὶ

486 2280 583 2345 διὰ
620 2287 782 2342 τοῦτο
825 2286 1307 2362 καταφρονοῖ-σαν
1358 2285 1459 2341 τοῦ
1513 2278 1722 2360 ἀνδρὸς
1772 2280 1871 2340 καὶ
1912 2285 2106 2340 κακῶν
2149 2282 2380 2340 πολλῶν
2424 2277 2618 2341 αἰτίαν
2659 2278 2786 2342 ἐσο-

483 2380 663 2462 μένην
693 2399 709 2414 ·
735 2381 828 2443 ἀεὶ
854 2381 967 2464 γὰρ
1000 2379 1207 2443 διώκει.
1295 2383 1413 2443 Gur
1442 2383 1850 2443 Artemidorus
1878 2385 2164 2443 secutoris
2205 2385 2458 2461 imagine
2488 2384 2786 2443 mulierem

485 2486 727 2547 diuitem
776 2485 849 2546 ob
897 2505 1140 2563 eamque
1171 2505 1288 2544 rem
1336 2484 1650 2564 superbam
1695 2484 1939 2543 indicari
1980 2487 2301 2565 putauerit,
2349 2491 2600 2563 apparet
2638 2504 2788 2545 com-

484 2590 711 2665 paratis
754 2591 878 2648 eius
924 2588 1123 2648 uerbis
1167 2587 1670 2657 antecedentibu8‚
1734 2586 1835 2645 ubi
1881 2588 1953 2645 de
1998 2587 2258 2646 Thraece
2299 2588 2593 2663 loquitur:
2662 2575 2787 2645 οἷον

485 2685 540 2746 εἰ
574 2684 687 2764 μὲν
720 2684 912 2767 Θρᾳκὶ
943 2683 1207 2747 πυκτεύοι
1235 2708 1329 2759 τις,
1361 2677 1618 2765 λήψεται
1648 2688 1893 2765 γυναῖκα
1932 2682 2216 2745 πλουσίαν
2243 2682 2416 2764 <καί>
2457 2689 2786 2764 πανοῦργον

487 2786 587 2847 καὶ
653 2785 1425 2869 φιλόπρωτον·πλουσίαν
1484 2784 1616 2864 μὲν
1679 2784 1794 2846 διὰ
1859 2783 1930 2846 τὸ
1996 2778 2579 2846 κατεσκεπάσθαι
2644 2790 2791 2859 τοῖς

489 2883 726 2961 ὅπλοις
781 2892 818 2953 i.
865 2912 914 2950 e.
962 2892 1119 2969 quod
1164 2892 1394 2950 Thraex
1442 2890 1643 2950 multis
1696 2891 2092 2968 grauibusque
2149 2895 2393 2950 ornatus
2450 2895 2541 2950 est
2589 2891 2787 2948 armis.

484 2989 694 3067 Itaque
739 2992 913 3049 etiam
957 2997 1189 3051 secutor
1241 2994 1322 3050 eis
1367 2992 1683 3050 armaturis
1724 2990 2138 3050 attribuendus
2186 2997 2292 3064 est,
2356 3011 2506 3068 quae
2554 2992 2785 3067 grauio-

487 3089 652 3150 ribus
695 3091 1018 3150 utebantur
1061 3093 1256 3152 armis,
1301 3123 1382 3132 —-
1426 3093 1548 3151 Iam
1595 3112 1736 3152 uero
1782 3091 2197 3150 Friedlaender
2242 3091 2633 3150 consulendus
2679 3095 2788 3161 est,

695 3289 745 3356 l)
785 3286 952 3356 Fugit
1002 3287 1155 3341 uiros
1200 3286 1397 3341 doctos
1449 3286 1620 3341 etiam
1666 3286 2035 3341 Prudentium
2081 3288 2325 3341 secutori
2374 3286 2588 3357 galeam
2626 3285 2786 3340 attri-

488 3376 659 3430 buere
697 3375 972 3430 dicentem
1010 3393 1058 3430 c.
1095 3375 1296 3445 Symm.
1337 3376 1389 3430 II
1432 3377 1571 3429 1110
1609 3392 1714 3444 sq.:
1754 3378 2043 3444 „spectant
2080 3361 2325 3428 aeratam
2365 3374 2582 3443 faciem,
2621 3390 2788 3443 quam

488 3464 684 3519 crebra
722 3463 956 3517 tridenti
990 3464 999 3531 1
1031 3464 1275 3533 impacto
1322 3464 1578 3534 quatiant
1625 3463 1895 3518 hastilia“.
1969 3463 2205 3518 Tridens
2268 3466 2351 3517 est
2402 3463 2637 3526 retiarii,
2693 3461 2790 3531 qui

489 3556 802 3608 secutorem
841 3552 1187 3622 aggreditur.

687 3638 741 3711 2)
780 3639 1010 3694 Praeter
1046 3639 1236 3694 Vrbici
1274 3639 1510 3693 formam
1550 3638 1716 3692 etiam
1757 3639 1981 3692 lucerna
2004 3638 2373 3693 Kircheriana
2410 3641 2469 3693 et
2508 3639 2785 3692 musiuum

487 3726 901 3782 Winkelmanni
940 3729 1203 3783 Henzeno
1251 3732 1532 3783 secutores
1581 3729 1763 3781 ocreis
1813 3730 2055 3781 caruisse
2092 3727 2473 3781 demonstrare
2522 3725 2788 3780 uideban-

489 3820 600 3871 tur.
660 3815 768 3871 Sed
805 3816 1064 3872 lucernae
1100 3817 1315 3883 fictiles,
1364 3834 1597 3885 quarum
1635 3833 1740 3886 ego
1777 3832 2038 3885 magnum
2076 3816 2194 3869 uidi
2236 3830 2547 3877 numerum,
2587 3814 2790 3883 saepis-

490 3905 626 3959 sime
677 3921 764 3959 res
817 3905 1148 3959 minutiores
1204 3905 1415 3958 habent
1467 3921 1669 3973 parum
1730 3906 1992 3958 accurate
2048 3919 2359 3971 expressas;
2422 3919 2600 3971 neque
2654 3918 2789 3956 uero

486 3993 803 4048 accuratius
841 3993 1134 4062 musiuum,
1184 3998 1246 4046 ut
1283 3992 1423 4046 mihi
1468 3992 1691 4061 quidem
1734 4008 2063 4061 persuasum
2105 3996 2209 4054 est,
2250 4008 2282 4043 a
2319 3990 2588 4059 Bartolio,
2627 4007 2789 4058 quem

488 4085 545 4136 et
581 4079 976 4135 Winkelmann
1025 4085 1082 4134 et
1124 4081 1319 4149 Caylus
1367 4080 1599 4150 (recueil
1646 4080 1714 4134 de
1760 4078 2069 4149 peintures)
2116 4083 2395 4146 secuntur,
2445 4078 2785 4132 delineatum

488 4173 593 4237 est,
635 4167 717 4221 ita
754 4172 834 4233 ut,
871 4169 1205 4237 ubicumque
1243 4185 1275 4221 a
1311 4170 1512 4223 ceteris
1560 4167 1932 4221 monumentis
1969 4166 2223 4235 discedit,
2274 4183 2338 4220 eo
2374 4182 2485 4219 non
2527 4166 2666 4220 bene
2705 4168 2790 4219 uti

488 4258 780 4328 possimus.
856 4258 1111 4312 Ceterum
1148 4276 1269 4313 meo
1309 4277 1527 4330 quoque
1561 4259 1769 4313 iudicio
1806 4258 1864 4311 in
1901 4258 2117 4310 musiuo
2157 4261 2437 4311 secutores
2475 4255 2610 4324 picti
2639 4259 2785 4308 sunt.
2883 4259 2886 4260 ’

491 4345 598 4400 Sed
636 4345 878 4414 Henzen,
926 4362 1053 4400 cum
1099 4346 1235 4401 duos
1281 4347 1630 4401 monumenti
1671 4346 1960 4401 Scauriani
2003 4345 2359 4414 gladiatores,
2405 4343 2507 4397 VII
2546 4348 2604 4397 et
2641 4341 2787 4410 V111,

491 4434 588 4504 qui
625 4433 931 4487 eiusdem
970 4438 1127 4487 sunt
1166 4436 1450 4504 generis
1486 4440 1549 4488 et
1590 4434 1775 4488 inter
1813 4450 1879 4487 se
1916 4437 2252 4503 pugnant,
2297 4448 2401 4501 pro
2439 4431 2789 4486 secutoribus

495 4521 756 4585 habebat,
794 4522 873 4596 ob*
906 4538 1125 4575 causam
1162 4540 1329 4592 supra
1365 4523 1669 4577 indicatam
1706 4521 1939 4576 errauit.
