3190 5037
1536 262 1571 314 8
1632 297 1636 301 .

604 440 799 516 Atque
841 439 1093 516 primum
1139 439 1371 517 quidem
1416 439 1693 516 inspicias
1736 437 1913 497 uelim
1960 437 2182 496 scholia
2226 436 2301 496 ad
2343 436 2427 494 111
2472 435 2622 497 158:

569 541 910 617 pinnirapos
964 546 1160 599 autem
1213 541 1356 600 dicit
1406 540 1652 599 lanistas
1712 559 1785 597 ex
1835 537 2042 597 habitu
2083 537 2495 613 gladiatorum,
2562 537 2703 614 quia

569 645 708 718 post
751 644 995 700 mortem
1036 643 1259 700 retiarii
1303 643 1542 719 pinnam
1588 641 1627 699 i.
1674 661 1723 700 6.
1769 641 2052 698 manicam
2094 638 2269 715 rapit,
2317 642 2385 696 ut
2427 637 2702 696 ostendat

569 741 790 819 populo
844 762 907 800 se
949 743 1178 813 uicisse,
1243 748 1312 801 ut
1354 742 1615 801 Lucilius
1672 737 1798 817 (lib.
1855 740 1941 798 111
2005 741 2121 796 105
2168 733 2466 814 Lachm.):
2534 757 2700 813 „cum

573 848 794 919 septem
843 843 1143 903 incolumis
1185 845 1377 921 pinnis
1420 843 1577 901 redit-
1620 862 1686 901 ac
1728 842 1942 919 recipit
1984 840 2081 899 se“
2114 833 2181 918 ¹),

404 948 464 1002 61,
511 945 659 1003 175:

571 1043 902 1102 exodiarius
945 1045 1106 1122 apud
1164 1049 1391 1103 ueteres
1443 1045 1504 1102 in
1559 1043 1675 1102 fine
1717 1043 1989 1102 ludorum
2042 1039 2324 1110 intrabat,
2382 1041 2521 1117 quia
2562 1040 2704 1098 ridi-

570 1144 735 1203 culus
779 1145 950 1219 foret,
986 1150 1054 1204 ut
1084 1145 1364 1223 quicquid
1394 1145 1761 1204 lacrimarum
1798 1150 1978 1220 atque
2007 1143 2288 1201 tristitiae
2316 1142 2703 1200 conlexissent

554 1264 641 1302 >ex
678 1246 920 1318 tragicis
952 1245 1272 1322 affectibuS,
1317 1243 1557 1304 huiusce
1586 1245 1907 1323 spectaculi
1935 1247 2088 1302 risus
2120 1243 2483 1318 detergeret3
2526 1240 2700 1301 huius

573 1351 634 1404 et
660 1345 920 1405 Lucilius
949 1342 1239 1424 meminitlz
1274 1346 1464 1418 (1068
1489 1367 1577 1424 sq.
1607 1340 1873 1422 Lachm.)
1908 1346 2235 1424 „principio
2265 1345 2457 1403 exitus
2487 1344 2701 1421 dignus

564 1441 574 1522 Ι
613 1446 999 1525 exodiumque
1042 1443 1380 1524 sequetur“.

403 1546 688 1618 Quoniam
734 1566 858 1606 mos
900 1548 1000 1605 1116
1046 1548 1236 1606 exodii
1293 1549 1353 1606 in
1396 1547 1510 1606 fine
1559 1547 1831 1606 ludorum
1879 1544 2199 1624 spect-andi,
2266 1544 2327 1603 id
2371 1543 2530 1620 quod
2571 1545 2702 1621 ipsa

402 1647 584 1706 uerba
628 1648 826 1726 „apud
871 1648 1137 1707 ueteres“
1195 1648 1473 1719 indicant,
1520 1649 1995 1708 commentatoris
2042 1651 2237 1705 aetate
2288 1647 2403 1704 iam
2446 1665 2563 1703 non
2606 1664 2702 1702 ex-

401 1747 588 1822 tabat,
653 1749 841 1825 repeti
899 1749 1007 1808 hoc
1066 1749 1193 1809 loco
1258 1751 1602 1809 uetustioris
1667 1751 1972 1827 scriptoris
2008 1748 2356 1808 'doctrinam
2425 1751 2699 1824 apparet3

401 1867 589 1924 neque
644 1849 831 1908 minus
883 1848 1189 1927 probabile
1244 1856 1334 1908 est
1382 1851 1851 1926 grammaticum,
1913 1869 2265 1926 quamquam
2326 1851 2450 1907 eius
2506 1853 2703 1907 aetate

399 1946 794 2022 gladiatorum
871 1970 1113 2008 munera
1175 1951 1429 2010 nondum
1490 1957 1660 2009 erant
1726 1952 2015 2024 extincta,
2101 1970 2173 2008 ne
2238 1951 2405 2026 prius
2465 1948 2699 2027 quidem

401 2046 687 2107 scholium
731 2048 803 2107 de
847 2069 953 2109 suo
1006 2050 1258 2124 finxisse,
1304 2053 1656 2128 praesertim
1703 2071 1830 2110 cum
1877 2051 2088 2109 Lucilii
2139 2051 2356 2109 satirae
2412 2056 2541 2109 tum
2583 2051 2699 2108 iam

398 2167 516 2206 non
557 2149 910 2224 legerentur.

598 2248 797 2308 Simile
840 2250 945 2310 fiet
980 2250 1256 2310 iudicium
1301 2251 1372 2309 de
1417 2254 1497 2310 eis
1541 2251 1798 2322 scholiis,
1845 2252 2061 2329 quibus
2102 2253 2174 2310 de
2204 2253 2428 2329 origine
2467 2259 2697 2330 etymo-

401 2370 514 2428 que
559 2351 1017 2428 Quinquatrium
1067 2359 1126 2410 et
1173 2353 1493 2412 Floralium
1539 2354 1759 2430 agitur,
1805 2352 1880 2411 ad
1922 2352 1979 2409 X
2027 2355 2170 2411 115:

568 2447 983 2530 Quinquatria]
1045 2459 1151 2511 aut
1210 2452 1366 2531 quod
1418 2455 1577 2512 intra
1637 2454 1895 2531 quinque
1951 2455 2107 2512 atria
2168 2453 2239 2512 fit
2302 2448 2481 2532 (aut)
2545 2453 2699 2512 atria

573 2551 858 2627 abundat;
907 2575 1040 2613 nam
1087 2555 1212 2613 dies
1256 2557 1513 2631 quinque
1552 2558 1611 2614 in
1657 2575 1773 2613 uno
1817 2556 1972 2626 festi,

400 2659 461 2712 et
503 2653 582 2711 VI
631 2657 772 2728 250,
817 2674 1063 2731 quocum
1112 2656 1385 2730 congruit
1432 2656 1777 2715 Lactantius
1820 2657 1957 2715 inst.
2004 2656 2124 2715 diu.
2169 2655 2216 2728 Ι,
2263 2657 2360 2726 20,
2412 2657 2516 2713 10:

399 2754 623 2813 schol.
645 2751 699 2827 2)
780 2756 1005 2830 Florali
1096 2755 1438 2815 Lactant.
1527 2757 1707 2816 Flora
1761 2777 1889 2815 cum
1942 2776 2182 2833 magnas
2238 2776 2379 2833 opes
2434 2776 2506 2813 ex
2568 2761 2698 2815 arte

399 2849 572 2931 tuba]
641 2854 815 2926 tuba,
887 2876 1004 2933 qua
1097 2858 1426 2916 meretricia
1468 2859 1877 2935 quaesiuisset‚
1921 2857 2202 2936 populum
2247 2857 2483 2935 scripsit
2527 2856 2697 2915 here-

400 2958 845 3015 committuntur
878 2956 1002 3016 ludi
1096 2959 1225 3016 dem
1293 2964 1631 3036 certamque
1693 2961 1999 3036 pecuniam
2058 2959 2328 3037 reliquit,
2395 2960 2560 3017 cuius
2623 2979 2696 3017 ex

399 3058 682 3133 Florales,
707 3059 768 3116 in
787 3058 1001 3135 quibus
1097 3080 1290 3120 annuo
1353 3062 1551 3120 fenore
1619 3081 1759 3121 suus
1830 3062 2046 3120 natalis
2116 3061 2240 3119 dies
2302 3059 2697 3119 celebraretur

607 3250 655 3315 1)
695 3248 811 3302 Hoc
847 3248 1111 3317 scholion,
1167 3250 1418 3318 quamuis
1469 3249 1603 3318 quid
1642 3249 1745 3303 sibi
1784 3249 1923 3303 uelit
1964 3250 2316 3305 manifestum
2356 3249 2445 3313 sit,
2495 3248 2695 3301 misere

401 3339 485 3389 est
521 3336 839 3407 turbatum;
879 3338 1215 3392 antecedunt
1252 3339 1479 3392 enimin
1517 3343 1754 3406 utroque
1792 3338 2003 3408 codice,
2040 3338 2345 3393 Pithoeano
2382 3342 2439 3390 61,
2470 3336 2694 3405 Sangal-

398 3423 554 3492 lensi,
600 3442 822 3477 uersum
844 3424 1047 3480 Lucilii
1085 3427 1281 3481 uerba:
1324 3431 1449 3490 „aut
1487 3426 1611 3480 ideo
1650 3426 1995 3495 pinnirapos,
2029 3427 2159 3495 quia
2195 3427 2391 3495 pinnas
2426 3425 2485 3477 in
2522 3423 2694 3491 galeis

397 3512 726 3582 habebant“,
763 3529 902 3580 quae
942 3513 1081 3586 nihil
1129 3514 1280 3568 aliud
1329 3531 1444 3567 6666
1482 3515 1589 3567 11161
1629 3514 2065 3584 dittographiam
2106 3514 2406 3568 uerborum
2450 3508 2693 3564 eiusdem

398 3600 594 3654 scholii
635 3601 848 3669 „pinnis
895 3617 1174 3670 pauonum
1212 3603 1405 3656 ornari
1444 3603 1625 3657 solent
1662 3602 2017 3671 gladiatores,
2066 3602 2111 3655 si
2162 3599 2384 3670 quando
2433 3600 2503 3654 ad
2541 3617 2693 3667 pom-

398 3706 526 3758 pam
566 3687 706 3758 (lege
747 3690 1078 3759 „pugnam“)
1120 3691 1515 3760 descendunt“,
1570 3692 1711 3745 luce'
1739 3695 1823 3745 661,
1869 3690 2094 3759 clarius3
2144 3693 2297 3743 certe
2346 3705 2457 3742 non
2503 3691 2695 3743 tenent

399 3792 559 3828 suum
597 3775 797 3844 locum,
832 3778 961 3844 quia
998 3776 1200 3831 Lucilii
1241 3796 1435 3832 uersus
1473 3780 1688 3847 spectat
1724 3777 1795 3831 ad
1832 3795 1897 3832 ea
1937 3778 2126 3843 uerba,
2162 3794 2303 3845 quae
2340 3776 2691 3831 antecedunt.

398 3863 697 3917 Praeterea
747 3865 932 3919 uerbis
991 3866 1246 3933 „pinnam
1308 3866 1367 3919 id
1415 3869 1499 3920 est
1549 3865 1856 3920 manicam“
1907 3882 2018 3919 non
2072 3865 2223 3917 inest
2277 3863 2424 3918 ullus
2471 3882 2691 3933 sensus3

398 3954 583 4007 nescio
627 3972 696 4007 an
738 3954 914 4022 possit
958 3955 1124 4009 scribi
1168 3955 1422 4024 „pinnam
1461 3956 1771 4010 manibus“.
1845 3955 2135 4009 Postremo
2183 3968 2310 4005 cum
2355 3953 2587 4008 retiario
2635 3958 2693 4008 61,

396 4043 557 4111 galea
593 4048 649 4097 et
683 4042 855 4112 pinna
892 4043 1089 4112 desint,
1128 4044 1407 4113 „retiarii“
1435 4061 1538 4112 pro
1579 4043 1761 4112 primo
1801 4042 2035 4112 pluralis
2071 4040 2288 4095 numeri
2326 4058 2455 4095 casu
2492 4042 2692 4096 haben·

397 4130 528 4183 dum
568 4137 626 4185 et
665 4132 937 4199 „rapiunt,
988 4136 1050 4185 ut
1092 4132 1419 4186 ostendant“
1468 4129 1821 4186 scribendum
1874 4135 1929 4184 et
1980 4129 2165 4184 uerbis
2216 4133 2379 4199 „post
2422 4134 2689 4184 mortem“

396 4219 692 4288 genetiuus
733 4219 1101 4281 „aduersarii“
1141 4220 1462 4273 adiciendus
1503 4237 1622 4275 esse
1661 4219 1901 4273 uidetur.

595 4307 652 4378 2)
691 4308 1049 4363 Antecedunt
1087 4309 1259 4362 uerba
1287 4310 1637 4369 „meretrices
1675 4325 1802 4360 nam
1827 4306 2146 4361 Floralibus
2184 4305 2331 4360 ludis
2369 4308 2537 4363 armis
2574 4325 2690 4363 cer-

396 4395 594 4449 tabant
638 4396 985 4465 gladiatoriis
1023 4400 1189 4465 atque
1226 4396 1607 4465 pugnabant“,
1654 4396 1855 4465 quibus
1892 4395 2338 4465 circumscriptio
2387 4398 2690 4451 uerborum

395 4488 594 4553 poetae
630 4485 966 4539 continetur.
