3190 5037
1576 286 1648 340 25

472 465 945 533 monstrauimus,
976 462 1216 522 relicum
1244 468 1354 534 est,
1394 468 1463 521 ut
1491 466 1840 535 statuamus,
1873 462 2016 539 quid
2045 464 2199 521 inter
2228 462 2374 522 haec
2402 463 2519 523 duo
2546 483 2767 540 genera

465 565 816 624 interfuerit.
907 565 1165 623 Primum
1216 583 1284 622 ea
1338 584 1402 621 re
1445 567 1601 623 inter
1646 584 1708 622 se
1755 563 2175 640 distinguntur,
2243 563 2400 641 quod
2443 564 2767 623 aduersarii

464 685 580 724 non
625 665 808 724 eidem
855 672 1018 724 sunt:
1066 671 1364 725 secutores
1409 667 1558 724 enim
1603 685 1730 723 cum
1777 666 1916 724 solis
1962 666 2215 724 retiariis
2258 670 2545 743 pugnant,
2600 664 2763 741 oplo-

464 767 651 825 machi
695 768 983 843 imprimis
1028 786 1155 826 cum
1192 766 1570 826 Thraecibus
1659 767 1751 825 Ita
1780 766 1867 840 fit,
1914 773 1985 825 ut
2028 788 2227 825 eorum
2274 772 2430 825 artes
2459 765 2761 844 pugnandi

467 870 621 925 inter
682 888 745 927 se
806 888 980 945 quam
1043 868 1474 928 diuersissimae
1528 871 1666 927 sint.
1755 868 1901 927 Nam
1969 874 2253 946 quantum
2310 870 2558 927 interest
2607 870 2762 926 inter

467 968 745 1027 Thraecis
791 976 850 1028 et
891 971 1118 1028 retiarii
1150 969 1339 1029 arma!
1420 968 1526 1028 Ille
1571 969 1842 1028 obtectus
1892 975 1981 1027 est
2010 971 2206 1044 magni
2242 968 2520 1047 ponderis
2566 971 2762 1038 armis,

463 1067 557 1126 hic
611 1088 714 1126 nec
770 1069 941 1145 galea
996 1089 1101 1127 nec
1145 1073 1331 1129 ocreis
1374 1089 1481 1128 nec
1524 1075 1692 1127 scuto
1737 1070 1953 1140 utitur3
2021 1069 2119 1126 ille
2163 1071 2301 1139 sica,
2368 1069 2462 1128 hic
2504 1050 2762 1127 tridente

461 1169 827 1246 aggreditur.
914 1169 1028 1228 Sed
1091 1169 1482 1228 consideranti
1537 1169 1679 1227 mihi
1734 1175 2107 1229 monumenta
2156 1171 2346 1229 altera
2396 1190 2631 1249 quoque
2677 1170 2759 1228 di-

462 1272 712 1330 uersitas
766 1272 1033 1329 extitisse
1086 1269 1340 1328 uidetur.
1435 1269 1500 1327 In
1557 1271 1641 1327 eis
1694 1271 1846 1327 enim
1903 1275 2153 1347 uterque
2198 1271 2428 1347 quidem
2471 1270 2762 1348 gladiator

460 1391 671 1448 magno
733 1377 900 1431 scuto
957 1371 1155 1447 gladio
1215 1389 1387 1429 ocrea
1441 1373 1626 1429 cruris
1683 1372 1905 1429 sinistri
1946 1379 2224 1444 armatus,
2287 1372 2390 1431 sed
2433 1372 2602 1449 galea
2642 1392 2760 1430 non

461 1474 717 1533 eiusdem
761 1474 980 1531 formae
1019 1476 1112 1529 est
1155 1473 1410 1529 secutori
1454 1477 1634 1548 atque
1677 1471 2038 1549 oplomach0.
2127 1472 2236 1530 Hic
2266 1473 2447 1532 habet
2488 1492 2758 1551 permag-

461 1597 617 1647 nam,
661 1577 840 1633 crista
882 1575 1008 1632 siue
1046 1574 1240 1651 pinnis
1285 1576 1553 1630 ornatam
1600 1579 1661 1632 et
1705 1573 1963 1632 clausam
2007 1575 2269 1651 margine
2311 1574 2503 1632 ferreo
2544 1575 2759 1633 circum

460 1681 646 1735 totam
677 1675 905 1753 galeam
935 1679 1205 1732 currente
1232 1679 1413 1750 atque
1450 1675 1649 1733 oculos
1687 1675 2085 1751 ceruicemque
2127 1678 2393 1752 tegente3
2440 1675 2513 1734 cf.
2557 1675 2760 1752 impri-

461 1779 568 1836 mis
627 1778 920 1854 picturam
979 1775 1185 1852 Pomp.
1249 1775 1399 1833 Maz.
1459 1774 1537 1833 IV
1580 1774 1704 1833 tab.
1752 1774 1853 1845 48,
1898 1777 1954 1835 2.
2053 1774 2296 1835 Secutor
2361 1796 2502 1834 uero
2566 1780 2758 1835 tectus

461 1884 551 1937 est
602 1878 772 1954 galea
828 1880 1100 1934 accurate
1159 1875 1236 1933 ad
1291 1877 1502 1952 capitis
1558 1876 1805 1933 formam
1857 1876 2295 1935 accommodata
2348 1883 2527 1953 atque
2580 1876 2756 1935 etiam

459 1978 669 2037 collum
724 1977 1123 2053 ceruicemque
1173 1996 1501 2055 supremam
1562 1981 1820 2053 tegente,
1887 1996 2037 2053 quae
2103 1978 2368 2052 margine
2428 1982 2620 2049 caret3
2686 1977 2757 2035 cf.

460 2080 747 2138 musiuum
808 2076 1172 2155 Bignorense
1243 2060 1698 2153 (Archaeologia
1750 2075 1949 2134 XVIII
1990 2097 2049 2154 p.
2097 2074 2247 2151 203)
2318 2082 2756 2136 monumentum

459 2181 701 2240 Batonis
768 2174 1069 2254 (Fabretti
1132 2178 1238 2237 col.
1287 2177 1444 2236 Trai.
1485 2198 1543 2255 p.
1590 2172 1742 2251 258)
1804 2180 2070 2255 picturas
2139 2178 2385 2255 Pompp.
2447 2173 2757 2253 (Garrucci

456 2279 625 2357 graff.
668 2279 728 2338 X
760 2281 815 2356 2,
860 2278 973 2335 XII
1008 2274 1068 2351 1)
1113 2284 1222 2339 cet.
1312 2276 1432 2337 Gur
1478 2278 1588 2336 hoc
1630 2299 1816 2356 genus
1858 2280 2215 2357 peculiarem
2256 2279 2459 2355 galeae
2504 2279 2752 2337 formam

459 2382 754 2459 habuerit,
802 2379 971 2439 facile
1001 2379 1376 2458 perspicitur.
1463 2379 1699 2438 Etenim
1728 2382 1778 2438 si
1818 2381 2006 2439 altera
2032 2379 2138 2439 illa
2179 2381 2273 2439 usi
2318 2366 2513 2439 essent
2546 2381 2752 2452 forma,

456 2483 582 2542 fieri
626 2501 862 2542 necesse
906 2486 1051 2559 erat,
1095 2486 1165 2542 ut
1209 2482 1470 2541 maculae
1506 2482 1669 2556 retis,
1719 2500 1835 2559 quo
1865 2483 2142 2542 retiarius
2187 2501 2399 2561 corpus
2430 2480 2752 2542 aduersarii

456 2583 737 2643 studebat
788 2585 1138 2661 opprimere,
1205 2585 1252 2642 si
1306 2585 1498 2643 minus
1559 2585 1806 2642 feliciter
1858 2586 2071 2643 iactum
2137 2585 2414 2643 retiarius
2479 2584 2753 2659 colligere

455 2683 655 2755 uellet,
720 2686 983 2759 margine
1026 2685 1229 2761 galeae
1277 2684 1699 2763 impedirentur
1744 2691 1803 2743 et
1845 2686 2240 2744 retinerentur
2280 2691 2460 2762 atque
2504 2685 2581 2744 ob
2625 2704 2749 2743 eam

455 2805 690 2845 causam
732 2785 832 2845 ille
872 2792 1017 2858 rete,
1063 2788 1351 2865 optimum
1395 2806 1564 2845 suum
1614 2786 1816 2856 telum,
1861 2791 2170 2862 cogeretur
2215 2785 2499 2845 deserere.

1240 3012 1276 3095 ἓ
1322 3020 1377 3076 4.
1467 3016 1577 3075 De'
1608 3017 1967 3075 retiariis.

623 3146 708 3207 cf.
751 3146 913 3224 Lips.
961 3145 1029 3204 II
1072 3165 1118 3205 c.
1166 3145 1224 3216 8,
1278 3144 1456 3204 Henz.
1499 3166 1558 3223 p.
1610 3145 1728 3203 113
1774 3165 1883 3223 sq.,
1929 3145 2150 3204 Friedl.
2189 3166 2247 3223 p.
2290 3147 2408 3204 512
2455 3165 2584 3223 sqq.

653 3282 1045 3340 Transeamus
1101 3300 1255 3339 nunc
1307 3280 1382 3339 ad
1434 3282 1719 3340 secutoris
1786 3280 2220 3340 aduersarium:
2288 3281 2363 3339 ad
2424 3283 2748 3341 retiarium.

454 3382 614 3454 Quae
661 3388 964 3441 armatura
1008 3401 1125 3458 quo
1169 3387 1433 3460 tempore
1478 3388 1612 3440 orta
1654 3383 1751 3453 sit,
1799 3383 1975 3461 plane
2017 3384 2389 3459 ignoramus;
2433 3382 2647 3442 Festus
2691 3389 2751 3443 et

458 3480 792 3560 Polyaenus
812 3477 861 3558 ¹)
902 3484 1103 3561 inepte
1145 3487 1394 3542 narrant
1436 3503 1471 3542 a
1515 3482 1747 3542 Pittaco
1790 3485 2090 3560 inuentam
2136 3503 2282 3554 esse,
2344 3484 2445 3561 qui
2489 3485 2747 3562 complu·

1755 3628 2010 3699 Polyaen.
2066 3631 2226 3683 strat.
2264 3627 2292 3680 I
2328 3629 2423 3681 252
2479 3626 2752 3688 Πιττακὸς

1646 3720 1737 3770 καὶ
1791 3711 2026 3787 Φρύνων
2078 3709 2473 3787 ἐμονομάχουν
2524 3721 2749 3786 Σιγείου

1647 3808 1771 3874 πέρι
1790 3820 1803 3834 ·
1823 3804 2011 3864 ἔδοξεν
2045 3800 2267 3876 ἀμφοῖν
2291 3810 2384 3858 ἴσα
2411 3806 2560 3876 ἔχειν
2584 3799 2746 3860 ὅπλα.

1653 3889 1734 3945 Τὰ
1780 3893 1892 3964 μὲν
1946 3890 2013 3959 δὴ
2061 3890 2276 3963 φανερὰ
2328 3888 2474 3945 ὅπλα
2523 3898 2616 3946 ἴσα
2664 3885 2744 3959 ἦν.

1649 3979 1920 4041 Πιττακὸς
1956 3981 2017 4034 δὲ
2054 3977 2162 4032 ὑπὸ
2197 3980 2261 4054 τῇ
2296 3977 2494 4033 ἀσπίδι
2532 3974 2749 4050 κρύψας

1645 4067 2071 4142 ἀμφίβληστρον
2116 4061 2424 4140 περιβάλλει
2470 4066 2568 4121 τὸν
2601 4062 2743 4139 Φρύ-

1646 4178 1792 4213 νωνα
1814 4165 1902 4213 καὶ
1920 4161 2122 4232 ῥᾳδίως
2137 4153 2593 4230 ἐπισπασάμενος
2604 4176 2744 4211 κτιν-

1644 4242 1757 4302 niet
1804 4253 1895 4301 καὶ
1940 4253 2166 4319 Σίγειον
2213 4254 2325 4307 τοῖς
2372 4253 2635 4316 Λεσβίοις
2669 4249 2746 4318 τῷ

1644 4340 1772 4406 λίνῳ
1818 4332 2131 4406 ἐθήρευσεν.
2217 4332 2349 4393 Οἶον
2393 4341 2484 4389 καὶ
2543 4338 2643 4392 νῦν
2691 4341 2745 4391 οἱ

1642 4425 2095 4496 μονομαχοῦντες
2145 4427 2297 4481 λίνον
2352 4426 2559 4496 ἔχουσι,
2612 4432 2743 4479 Πιτ·

1642 4509 1805 4573 τακὸς
1842 4512 2109 4573 ἐδίδαξεν.

563 3629 613 3698 1)
653 3628 802 3682 Fest.
843 3646 895 3697 p.
920 3631 1026 3683 285
1064 3628 1145 3682 M:
1186 3627 1329 3698 „boc
1365 3633 1552 3683 autem

452 3734 628 3788 genus
665 3733 884 3786 pugnae
921 3718 1017 3787 (sc.
1056 3718 1273 3771 retiarii
1311 3721 1368 3771 et
1406 3734 1551 3771 mur·

452 3804 718 3874 millonis)
753 3807 1077 3859 institutum
1114 3804 1341 3859 uidetur
1378 3822 1412 3858 a
1439 3804 1550 3858 Pit-

449 3898 593 3960 tacO,
646 3909 756 3946 uno
803 3909 871 3946 ex
921 3899 1133 3961 septem
1190 3893 1550 3961 sapientibus,

450 3980 547 4049 qui
596 3979 863 4034 aduersus
911 3981 1263 4051 Phrynonem
1323 3981 1551 4035 dimica·

448 4073 607 4121 turus
637 4071 869 4136 propter
899 4070 1310 4125 controuersias
1335 4069 1548 4138 finium,

449 4173 588 4225 quae
630 4162 791 4211 erant
833 4157 981 4212 inter
1024 4159 1243 4214 Atticos
1285 4163 1343 4212 et
1381 4158 1545 4227 Myti-

447 4246 665 4298 lenaeos
704 4251 825 4300 rete
851 4248 1069 4304 occulte
1105 4248 1219 4302 lato
1252 4246 1549 4316 impediuit

447 4333 856 4402 Phrynonem“.
