3190 5037
1574 291 1644 344 38

462 468 588 526 ueri
635 470 725 525 est
755 466 942 524 simile
988 466 1107 524 tale
1140 485 1325 542 genus
1354 467 1638 544 peditum,
1685 467 1856 542 quale
1886 466 2225 527 Ammianus
2257 468 2555 542 describit,
2606 468 2759 527 calo·

464 567 635 626 nibus
682 570 984 645 seruisque
1019 569 1291 626 similium
1324 548 1514 644 neque
1556 567 1633 625 ad
1665 568 1856 645 ipsam
1895 587 2151 645 pugnam
2197 569 2536 629 idoneorum
2566 571 2762 645 graui-

460 669 570 726 bus
600 673 930 728 contectum
964 670 1142 728 fuisse
1188 670 1382 739 armis,
1428 669 1643 745 quibus
1678 671 1934 746 optimus
1980 672 2227 746 quisque
2269 671 2433 728 miles
2476 672 2535 728 in
2581 671 2763 728 omni-

462 770 572 828 bus
625 769 979 828 exercitibus
1031 776 1274 829 ornatus
1336 790 1461 828 esse
1520 768 1707 828 solet?
1771 770 1960 828 Multo
2023 773 2256 830 maioris
2297 774 2572 831 momenti
2618 771 2763 829 mihi

463 891 590 930 esse
628 870 886 940 uidetur,
934 871 1088 947 quod
1119 872 1396 948 permulti
1428 872 1745 948 scriptores
1776 871 1975 930 Gallos
2004 875 2229 949 magnis
2260 876 2439 932 scutis
2471 892 2608 931 usos
2637 892 2763 931 esse

464 974 729 1029 narrant.
821 971 1040 1029 Tamen
1084 971 1224 1030 dicit
1254 971 1532 1047 Polybius
1566 972 1620 1029 ΙΙ
1654 975 1760 1030 30:
1806 967 1875 1030 οὐ
1914 967 2026 1050 γὰρ
2072 968 2395 1048 δυναμένου
2438 977 2539 1031 τοῦ
2571 971 2628 1029 Γ
2622 972 2760 1029 αλα-

463 1074 620 1128 πκοῦ
664 1070 885 1147 θυρεοῦ
914 1067 1009 1129 τὸν
1051 1067 1235 1148 ἄνδρα
1281 1068 1656 1148 περισκέπειν,
1705 1066 1819 1155 ὅσῳ
1850 1068 2039 1150 γυμνὰ
2084 1071 2180 1130 καὶ
2206 1069 2384 1148 μείζω
2428 1070 2495 1130 τὰ
2523 1069 2762 1148 σώματα

467 1158 572 1248 ἧνς
633 1173 704 1231 cf.
759 1175 932 1231 etiam
981 1172 1109 1231 Liu.
1149 1172 1469 1231 XXXVIII
1501 1175 1598 1232 21.
1673 1174 1988 1233 Praeterea
2035 1172 2336 1232 Gallorum
2380 1181 2565 1245 scuta,
2613 1194 2763 1251 quae

465 1293 580 1331 non
625 1293 697 1330 ex
739 1274 996 1348 meta110,
1043 1274 1144 1332 sed
1182 1293 1255 1332 ex
1297 1275 1458 1349 ligno
1503 1279 1562 1332 et
1591 1274 1844 1351 pellibus
1889 1275 2047 1333 facta
2090 1294 2216 1333 esse
2258 1276 2557 1347 uidentur,
2604 1276 2762 1334 haud

466 1376 552 1433 ita
595 1377 791 1450 magni
854 1375 1132 1451 ponderis
1192 1381 1360 1433 erant
1427 1380 1505 1445 et,
1570 1375 1728 1451 quod
1786 1380 1878 1434 est
1929 1377 2259 1447 maximum,
2325 1377 2527 1436 deesse
2580 1375 2763 1435 Gallis

464 1474 705 1532 loricam
776 1494 995 1545 ocreas,
1069 1477 1405 1552 saepissime
1478 1477 1655 1533 etiam
1719 1477 1916 1550 galeas
1936 1469 1983 1553 ¹)
2045 1480 2104 1533 et
2178 1479 2494 1553 scriptores
2561 1474 2760 1553 (Paus.

469 1575 547 1648 X,
584 1578 680 1648 21,
731 1578 795 1647 2;
862 1575 1062 1653 Polyb.
1110 1577 1148 1635 1.
1199 1573 1275 1651 c.)
1349 1583 1409 1634 et
1476 1583 1852 1636 monumenta
1916 1577 2141 1637 docent.
2230 1577 2409 1637 Scuta
2473 1580 2760 1655 pictorum

469 1675 806 1755 Gallorum,
878 1696 1028 1753 quae
1093 1696 1320 1754 semper
1382 1677 1502 1734 fere
1567 1677 1769 1755 longa,
1842 1677 1945 1735 sed
2008 1697 2216 1754 parum
2285 1677 2405 1736 lata
2471 1684 2637 1752 sunt,
2702 1679 2765 1736 in

465 1778 640 1836 rebus
704 1779 936 1855 pusillis
1003 1778 1403 1836 diuersissima
1464 1779 1618 1835 inter
1681 1798 1742 1835 se
1815 1784 1971 1851 sunt,
2041 1778 2142 1835 sed
2200 1780 2441 1855 propria
2507 1785 2569 1836 et
2621 1778 2763 1854 legi-

468 1881 611 1937 tima
666 1899 865 1937 eorum
919 1880 1108 1936 forma
1162 1894 1231 1936 ea
1283 1878 1461 1935 fuisse
1516 1879 1773 1956 uidetur,
1839 1898 1991 1954 quae
2052 1885 2338 1954 quattuor
2381 1877 2762 1954 longioribus,

472 1980 701 2038 duobus
731 1979 1050 2037 minoribus
1080 1979 1353 2056 praedita
1381 1985 1511 2037 erat
1539 1979 1824 2037 lateribus
1842 1976 1909 2054 2).
1941 1980 2160 2038 Eadem
2205 1999 2346 2038 uero
2385 1983 2534 2038 scuti
2576 1981 2764 2038 forma

466 2082 765 2140 inuenitur
819 2083 877 2138 in
932 2082 1173 2139 lucerna
1226 2081 1389 2138 fictili
1455 2077 1661 2156 (Henz.
1723 2102 1865 2140 mus.
1913 2081 2124 2156 burgh.
2169 2081 2293 2140 tab.
2340 2079 2445 2138 VII
2491 2075 2555 2156 6)
2603 2085 2661 2137 et
2702 2081 2765 2138 in

468 2203 619 2241 urna
662 2183 917 2242 Etrusca
962 2177 1303 2262 (Conestab.
1350 2204 1601 2242 monum.
1648 2183 1703 2242 d.
1755 2182 1965 2260 Perug.
2012 2182 2137 2242 tab.
2185 2184 2282 2256 62,
2330 2174 2395 2258 2)
2417 2176 2486 2258 ⁸),
2532 2182 2591 2238 in
2634 2181 2759 2256 qui·

471 2282 582 2342 bus
622 2290 860 2360 praeter
896 2284 1233 2354 Thraecem,
1271 2285 1342 2342 de
1385 2304 1501 2361 quo
1545 2284 1709 2342 nulla
1739 2284 2034 2342 dubitatio
2080 2289 2190 2355 est,
2235 2282 2531 2358 gladiator
2571 2283 2762 2358 pictus

469 2391 561 2443 est
606 2389 770 2444 scuto
827 2385 985 2443 illius
1035 2388 1284 2462 generis,
1354 2385 1469 2443 leui
1513 2386 1700 2460 galea,
1769 2386 1859 2442 cui
1905 2386 2292 2460 tegimentum
2335 2384 2533 2442 uoltus
2579 2383 2763 2457 deest,

471 2506 589 2545 non
635 2488 838 2557 ocreiS,
895 2486 996 2545 sed
1035 2488 1222 2546 ⁴soccis
1278 2505 1464 2563 usque
1508 2487 1582 2546 ad
1638 2507 1805 2546 suras
1849 2486 2302 2565 pertinentibus,
2369 2486 2577 2544 ceteris
2625 2485 2766 2559 legi-

467 2589 628 2646 timis
671 2588 1064 2663 gladiatorum
1111 2589 1308 2659 armis,
1373 2585 1660 2663 manica4)
1705 2588 2071 2665 subligaculo
2115 2587 2335 2658 balte0,
2388 2592 2582 2645 tectus
2626 2588 2663 2647 i.
2718 2605 2766 2643 e.

468 2688 766 2763 gladiator
809 2690 955 2747 leuis
1000 2695 1356 2748 armaturae.
1433 2689 1490 2748 Is
1519 2708 1662 2766 ergo
1692 2695 1941 2766 propter
1985 2690 2140 2748 scuti
2183 2690 2427 2747 formam
2458 2706 2567 2764 pro
2599 2685 2767 2745 Gallo

469 2808 569 2846 seu
616 2791 983 2849 murmillone
1030 2790 1332 2849 habendus
1394 2797 1481 2849 est
1503 2787 1588 2865 ⁵);
1656 2790 1820 2859 adde,
1888 2790 2043 2867 quod
2100 2789 2474 2848 aduersarius
2536 2788 2769 2845 Thraex

471 2890 755 2965 quantum
812 2892 1025 2950 scimus
1095 2911 1226 2949 cum
1279 2891 1441 2950 nullo
1501 2892 1617 2950 alio
1680 2891 2027 2967 gladiatore,
2091 2891 2202 2948 nisi
2247 2909 2376 2947 cum
2424 2884 2768 2965 oplomacho

470 2995 575 3048 aut
619 2992 806 3049 altero
837 2992 1097 3051 Thraece
1141 2998 1247 3051 aut
1291 2994 1659 3052 murmillone
1702 2991 2029 3068 pugnabat,
2076 2992 2126 3049 is
2171 3011 2312 3050 uero
2341 2990 2659 3067 gladiator,
2697 2987 2769 3044 de
2841 2980 2845 2983 ⁴

471 3111 586 3167 quo
631 3112 818 3150 sermo
851 3098 959 3163 est,
991 3113 1179 3170 neque
1209 3093 1585 3172 Oplomachus
1616 3113 1805 3169 neque
1834 3091 2067 3151 Thraex
2099 3098 2205 3151 est.
2263 3091 2483 3165 Quodsi
2508 3095 2666 3148 recte
2696 3088 2770 3146 de

468 3192 583 3251 illis
643 3196 1031 3254 monumentis
1089 3195 1364 3269 indicaui,
1432 3198 1608 3254 etiam
1667 3193 2065 3272 anaglyphum
2116 3194 2473 3252 Atheniense
2528 3185 2766 3269 (Lebas‚

470 3314 697 3371 voyage
745 3295 996 3355 archeol.
1039 3295 1165 3356 tab.
1201 3298 1301 3371 18,
1333 3291 1396 3371 2)
1442 3297 1621 3355 talem
1661 3296 2050 3373 gladiatorem
2064 3293 2115 3369 6)
2161 3294 2418 3362 exhibet,
2464 3293 2562 3369 qui
2603 3312 2767 3368 mag-

674 3541 726 3610 1)
764 3540 878 3596 Hac
915 3542 974 3594 in
1011 3559 1072 3595 re
1119 3540 1339 3595 diuersa
1375 3544 1462 3594 est
1508 3544 1795 3595 armatura
1840 3540 2215 3609 gladiatorum
2264 3538 2619 3604 Gallicorum,
2674 3536 2769 3605 qui

471 3629 639 3682 Festo
678 3632 824 3682 teste
861 3629 1035 3698 galeis
1062 3630 1146 3683 uti
1184 3630 1467 3698 solebant3
1504 3645 1795 3682 monemur
1832 3646 1985 3698 ergo,
2022 3646 2090 3682 ne
2114 3626 2488 3698 gladiatorum
2514 3630 2571 3678 et
2597 3624 2769 3693 ipsius

469 3718 650 3785 gentis
689 3734 842 3769 arma
881 3716 1045 3785 plane
1082 3716 1271 3770 eadem
1317 3716 1487 3770 fuisse
1525 3718 1879 3771 coniciamus.

672 3804 729 3873 2)
770 3803 849 3857 Cf.
901 3804 1175 3872 imprimis
1222 3804 1624 3873 sarcophagum
1673 3802 2069 3857 Ammendolae
2116 3802 2288 3871 (mon.
2326 3801 2380 3855 d.
2419 3800 2550 3855 inst.
2598 3801 2623 3853 I
2662 3801 2772 3871 30),

471 3908 635 3961 quem
675 3893 809 3945 satis
848 3896 932 3945 est
966 3891 1180 3960 afferri3
1222 3892 1371 3946 idem
1410 3910 1478 3945 ex
1502 3893 1696 3946 multis
1734 3891 1859 3945 aliis
1898 3892 2247 3960 perspicuum
2287 3889 2352 3944 fit
2378 3892 2768 3945 monumentis

679 3980 735 4047 3)
775 3981 1054 4034 Gustauus
1093 3981 1299 4035 Koerte
1335 3998 1423 4034 me
1462 3980 1654 4036 docuit
1695 3997 1889 4033 urnam
1917 3997 2039 4034 .non
2078 3983 2208 4047 post
2253 3979 2494 4048 primum
2532 3995 2580 4031 a.
2622 3976 2675 4031 C.
2717 3995 2772 4031 n.

468 4068 747 4121 saeculum
788 4068 988 4123 factam
1027 4086 1159 4123 esse.

672 4156 725 4225 4)
764 4156 836 4208 Vt
879 4173 1040 4224 saepe
1078 4157 1295 4211 manica
1339 4157 1493 4211 deest
1534 4160 1591 4212 in
1634 4156 1875 4217 lucerna,
1914 4173 2005 4209 res
2042 4155 2204 4222 plane
2242 4154 2447 4207 nullius
2485 4154 2770 4208 momenti.

671 4245 727 4315 5)
766 4246 881 4299 Iam
921 4246 1142 4300 Henzen
1179 4264 1233 4315 p.
1276 4249 1376 4300 111
1429 4247 1685 4315 quamuis
1735 4244 2006 4320 *dubitans
2053 4243 2157 4296 hoc
2202 4242 2369 4296 modo
2426 4241 2495 4294 de
2543 4240 2772 4296 lucerna

467 4332 751 4388 iudicauit.

676 4424 726 4487 6)
766 4420 1001 4476 Omnino
1045 4422 1412 4492 gladiatorem
1461 4439 1578 4476 esse
1615 4421 1898 4475 hominem
1936 4419 2219 4473 indicatur
2259 4419 2476 4472 manica
2512 4422 2569 4472 et
2605 4420 2772 4473 subli-

472 4510 686 4576 gacu10.
