3190 5037
1580 307 1615 360 2

451 482 611 544 Suet.
653 485 726 544 fr.
779 485 893 543 197
940 483 1053 543 Rff.
1101 477 1209 562 (=-
1255 483 1414 543 Seru.
1460 485 1622 543 Aen..
1653 484 1703 541 V
1736 478 1885 557 602)
1937 489 2043 558 „ut
2086 487 2174 544 ait
2217 483 2531 545 Suetonius
2563 486 2748 546 Tran-

451 585 686 662 quillus,
730 585 906 643 ludus
933 585 1077 662 ipse,
1124 596 1296 662 quem
1342 585 1523 661 uulgo
1567 583 1944 660 pyrrhicham
1990 584 2308 662 appellant,
2357 585 2531 645 Troia
2574 607 2746 646 uoca-

449 692 567 758 tur,
621 687 782 744 cuius
827 686 1108 762 originem
1155 686 1445 763 expressit
1488 686 1547 743 in
1592 685 1741 744 libro
1786 686 1858 744 de
1902 705 2217 771 puerorum
2262 679 2525 744 lusibus“
2570 693 2631 746 et
2673 689 2745 748 fr.

455 786 573 844 198
617 782 722 862 (=
768 786 1081 845 Pseudacr.
1125 787 1185 844 in
1229 785 1435 845 Horat.
1487 791 1602 845 art.
1649 791 1807 863 poet.
1854 781 2002 861 417)
2045 788 2173 858 „ita
2217 790 2366 845 enim
2407 789 2573 865 pueri
2620 809 2747 848 cur-

450 892 645 945 rentes
676 887 875 945 aiunt:
920 894 1164 965 occupet
1206 888 1430 946 scabies
1473 889 1533 945 in
1577 894 1842 946 extremo
1871 893 2266 946 remanentem
2310 932 2324 946 .
2377 932 2387 945 .
2436 911 2479 960 .;
2527 889 2747 949 scabies

448 987 622 1047 ludus
685 1006 1000 1065 puerorum
1056 994 1165 1056 est,
1235 994 1304 1046 ut
1366 988 1546 1047 habes
1607 989 1668 1046 in
1723 987 2060 1048 Suetonio“.
2128 988 2241 1046 Sed
2302 1009 2514 1067 parum
2579 997 2749 1049 caute

449 1091 654 1167 opinor
710 1091 862 1166 egit3
920 1109 1052 1148 nam
1120 1089 1282 1148 nullo
1346 1091 1519 1148 modo
1562 1088 1990 1149 demonstravit
2041 1109 2158 1148 non
2203 1091 2465 1166 potuisse
2509 1091 2621 1151 dici
2676 1090 2749 1150 de

364 1212 369 1216 ·
448 1189 625 1247 Troia
686 1193 747 1247 et
807 1190 999 1249 scabie
1060 1191 1285 1250 lusibus
1350 1192 1409 1248 iu
1457 1190 1609 1250 libro
1670 1189 1798 1266 περὶ
1852 1185 1965 1248 τῶν
2017 1186 2149 1269 παρ’
2202 1183 2430 1268 Ἕλλησι
2482 1188 2746 1251 παιδιῶν.

448 1290 644 1349 Primo
688 1291 922 1366 quidem
952 1290 1164 1350 obtutu
1211 1291 1384 1351 ludus
1412 1292 1625 1350 Troiae
1658 1312 1788 1350 cum
1831 1291 2058 1351 lusibus
2088 1290 2325 1351 Graecis
2359 1292 2502 1350 nihil
2530 1292 2747 1352 habere

449 1389 686 1449 uidetur
743 1411 1072 1464 commune3
1139 1385 1305 1470 atqui
1363 1394 1492 1470 ipso
1538 1392 1818 1452 Suetonio
1862 1398 2013 1451 teste
2057 1393 2236 1468 uulgo
2282 1392 2748 1452 confundebatur

451 1511 579 1549 cum
626 1492 944 1568 pyrrhicha
986 1492 1208 1552 Graeca
1235 1488 1305 1571 ¹),
1362 1513 1513 1571 quae
1554 1496 1695 1571 quia
1744 1514 1855 1553 non
1899 1494 2082 1553 solum
2127 1493 2379 1571 publicis
2420 1494 2575 1552 ludis
2614 1514 2746 1571 spe-

332 1634 336 1638 ·
450 1596 647 1650 etante
695 1593 936 1670 populo,
1005 1593 1105 1651 sed
1151 1595 1329 1652 etiam
1378 1595 1438 1652 in
1482 1595 1785 1672 palaestra
1839 1597 2100 1671 corporis
2149 1594 2453 1652 exercendi
2496 1614 2671 1653 causa
2714 1613 2748 1650 a

451 1690 686 1751 Graecis
730 1693 1048 1753 ludebatur
1066 1687 1138 1772 2),
1184 1695 1308 1753 sine
1350 1693 1528 1753 dubio
1571 1697 1634 1753 in
1663 1695 1815 1754 libro
1860 1695 1932 1753 de
1962 1693 2319 1753 Graecorum
2351 1694 2573 1752 lusibus
2619 1701 2749 1753 erat

446 1792 838 1853 memoranda.
928 1793 1240 1854 Suetonius
1301 1796 1499 1872 igitur,
1567 1802 1637 1854 ut
1696 1796 2087 1855 confusionem
2154 1796 2330 1869 illam,
2401 1816 2578 1873 quam
2637 1814 2747 1873 pro

446 1893 597 1952 falsa
663 1893 944 1968 habebat,
1023 1897 1344 1968 refutaret,
1421 1899 1730 1975 utriusque
1804 1898 1930 1956 ludi
2010 1899 2292 1975 originem
2360 1904 2747 1974 naturamque

347 2043 355 2049 .
448 2013 693 2054 narrans
737 2002 799 2054 et
842 1997 1255 2056 similitudines
1303 2003 1364 2056 et
1405 1998 1743 2057 discrimina
1787 2019 1985 2057 eorum
2031 2000 2371 2075 exposuisse
2417 1999 2653 2058 uidetur
2672 1996 2744 2075 ⁸).

450 2095 654 2172 Neque
707 2114 848 2155 uero
901 2097 1101 2156 eodem
1155 2100 1283 2157 iure
1331 2099 1505 2158 ludus
1548 2100 1761 2158 Troiae
1816 2119 1944 2158 cum
1999 2098 2227 2158 lusibus
2273 2099 2573 2169 Romanis,
2645 2100 2745 2175 qui

449 2200 556 2254 aut
608 2198 933 2274 uoluptatis
983 2204 1089 2258 aut
1148 2219 1457 2276 corporum
1515 2198 1966 2258 exercitationis
2007 2218 2181 2257 causa
2237 2197 2545 2270 luduntur,
2615 2203 2745 2256 erat

451 2297 885 2372 coniungendus
942 2303 1119 2375 atque
1172 2298 1491 2376 pyrrhicha
1544 2320 1676 2359 cum
1724 2298 1977 2359 Graecis.
2088 2298 2402 2356 Permultis
2447 2299 2599 2355 enim
2643 2316 2742 2354 ue·

448 2402 638 2455 terum
684 2398 824 2457 locis
864 2398 1138 2458 docemur
1182 2420 1309 2458 eum
1350 2400 1530 2458 fuisse
1561 2405 1780 2458 certam
1825 2399 2168 2458 circensium
2213 2396 2482 2456 ludorum
2514 2402 2744 2473 partem

448 2496 766 2576 eademque
805 2503 982 2576 atque
1008 2499 1134 2566 ,hos
1164 2499 1495 2578 praeditum
1539 2502 1854 2560 sanctitate
1877 2493 1950 2577 ⁴).
1997 2499 2180 2571 Quam
2212 2498 2285 2557 ob
2332 2517 2451 2557 rem
2497 2497 2556 2556 id
2588 2502 2744 2555 certe

448 2599 778 2674 negandum
843 2606 933 2659 est
998 2602 1259 2677 potuisse
1321 2601 1465 2670 fieri,
1533 2607 1603 2660 ut
1666 2604 1727 2659 in
1774 2601 1923 2659 libro
1992 2606 2052 2659 et
2102 2600 2269 2659 ludos
2339 2603 2619 2658 circenses
2685 2605 2745 2656 et

446 2699 609 2768 lusus
663 2701 996 2759 continente
1044 2730 1119 2740 —
1165 2702 1342 2759 talem
1400 2704 1551 2760 enim
1604 2701 1714 2761 sibi
1763 2701 1937 2779 fingit
1984 2700 2403 2778 Reifferscheid
2449 2730 2523 2738 -—
2570 2698 2744 2758 ludus

448 2799 658 2858 Troiae
699 2821 814 2859 non
857 2822 987 2859 cum
1033 2804 1203 2875 circo,
1251 2802 1350 2861 sed
1395 2822 1527 2862 cum
1569 2803 1796 2862 lusibus
1838 2802 2181 2878 uolgaribus
2224 2806 2686 2880 componeretur.

650 2900 832 2959 Simili
889 2902 1059 2960 modo
1115 2904 1292 2962 etiam
1346 2903 1419 2963 de
1471 2904 1661 2963 altero
1716 2904 1842 2963 loco
1892 2903 2264 2962 iudicandum
2318 2908 2425 2962 est.
2514 2902 2744 2979 Simpli-

448 3004 657 3060 ciorem
708 3004 857 3061 enim
905 3003 1126 3075 ludum,
1197 3024 1368 3081 quam
1417 3004 1562 3065 haec
1605 3005 1830 3066 scabies
1874 3010 1979 3079 est,
2048 3004 2190 3063 mihi
2241 3004 2463 3081 fingere
2522 3022 2747 3083 nequeo

649 3200 703 3268 1)
743 3199 1094 3254 Mirabantur
1130 3201 1446 3269 complures
1483 3201 1594 3254 uiri
1632 3201 1803 3267 docti,
1841 3202 2000 3255 uelut
2023 3201 2299 3254 Meursius
2336 3199 2430 3270 (de
2457 3200 2745 3254 orchestra

448 3291 489 3340 t.
519 3287 567 3341 V
594 3305 646 3356 p.
668 3288 774 3339 248
800 3286 998 3356 Lam.),
1035 3287 1136 3341 hos
1173 3287 1309 3341 duos
1348 3287 1497 3341 lusus
1536 3291 1784 3357 potuisse
1819 3289 1966 3342 inter
2005 3306 2061 3342 se
2098 3287 2380 3356 confundi,
2417 3289 2744 3355 praesertim

450 3393 575 3432 cum
634 3375 799 3429 ludus
852 3375 1052 3429 Troiae
1112 3376 1401 3444 equestris,
1458 3376 1761 3445 pyrrhicha
1813 3393 1947 3431 uero
2004 3376 2280 3445 pedestris
2336 3375 2545 3427 fuisset.
2639 3371 2743 3425 Sed

450 3464 747 3518 Herodian.
786 3464 880 3532 IV,
909 3467 961 3530 2,
992 3465 1026 3517 9
1066 3468 1124 3517 et
1160 3464 1365 3533 Agath.
1396 3464 1450 3517 11
1474 3467 1499 3517 1
1533 3482 1586 3533 p.
1614 3467 1685 3518 64
1720 3465 1876 3518 Nieb.
1915 3463 2219 3533 pyrrhicha
2257 3463 2504 3531 equitum
2543 3476 2744 3513 memo·

449 3559 650 3606 matur.

648 3640 707 3711 2)
746 3639 827 3694 Cf.
866 3640 1011 3694 Plut.
1050 3646 1260 3709 quaest.
1299 3658 1460 3695 conu.
1496 3640 1593 3709 IX,
1626 3641 1710 3709 15,
1746 3643 1769 3692 1
1810 3644 1868 3693 et
1904 3639 2306 3693 Aristoxenum
2352 3635 2498 3705 apud
2542 3635 2744 3689 Athen.

448 3728 578 3784 XlV
607 3747 667 3798 p.
684 3731 785 3783 631
810 3746 854 3784 c.

649 3816 706 3886 3)
742 3815 1085 3870 Monendum
1137 3820 1221 3870 est
1266 3816 1517 3871 Servium
1563 3831 1756 3869 uocem
1794 3815 2062 3869 Graecam
2101 3814 2356 3880 παιδιῶν,
2410 3830 2744 3882 quamquam

450 3904 617 3958 etiam
657 3904 728 3957 ad
776 3905 926 3958 aleae
965 3905 1215 3974 pilaeque
1262 3905 1414 3958 lusus
1458 3903 1750 3971 spectabat
1787 3902 2103 3970 (Fresenius
2141 3901 2210 3956 de
2247 3904 2441 3961 λέξεων
2477 3901 2649 3954 Arist.
2688 3905 2745 3954 et

448 3992 599 4047 Suet.
623 4010 739 4047 exc.
764 3994 989 4061 Byzant.
1016 4011 1070 4062 p.
1091 3995 1159 4046 88
1182 3992 1343 4063 sqq),
1380 3992 1452 4045 ad
1475 3992 1696 4045 παίδων
1716 3995 1936 4044 tantum
1965 3992 2115 4046 lusus
2147 3990 2446 4044 rettulisse.
2488 3990 2741 4043 Ceterum

448 4097 516 4132 ex
561 4080 697 4149 ipsis
745 4080 925 4133 Seruii
975 4081 1166 4146 uerbis
1215 4082 1304 4150 „in
1352 4081 1495 4134 libro
1539 4079 1612 4133 de
1658 4096 1961 4149 puerorum
2008 4078 2251 4133 lusibus“
2300 4095 2471 4130 unum
2525 4081 2742 4131 tantum

447 4166 516 4220 de
551 4168 641 4221 his
681 4169 848 4222 rebus
888 4169 1139 4223 extitisse
1175 4170 1382 4223 librum
1422 4166 1868 4222 concludendum
1906 4172 2006 4221 est.

647 4256 705 4323 4)
746 4255 826 4308 cf.
868 4255 1142 4324 imprimis
1188 4254 1466 4311 Plutarch.
1511 4254 1629 4313 Cat.
1668 4255 1803 4308 min.
1837 4272 1882 4309 c.
1921 4256 1979 4308 3:
2026 4251 2179 4325 ἱερὰν
2219 4253 2622 4323 ἱπποδρομίαν,
2680 4248 2747 4320 ἣν

446 4342 671 4395 καλοῦσι
716 4347 921 4412 Τροίαν
957 4349 1012 4397 ct
1051 4343 1238 4399 Senec.
1277 4342 1478 4424 Troad.
1521 4345 1627 4396 778
1665 4343 1748 4398 ed.
1777 4343 1909 4397 Leo.
1986 4342 2327 4397 Testimonia
2362 4341 2431 4396 de
2469 4342 2575 4396 hoc
2610 4340 2744 4395 ludo

448 4431 729 4501 congessit
766 4431 832 4485 A.
873 4430 1082 4486 Goebel
1121 4430 1176 4484 in
1218 4447 1408 4500 progr.
1437 4431 1694 4501 gymnas.
1738 4430 1974 4485 Durens.
2019 4432 2186 4500 18523
2235 4429 2304 4485 cf.
2347 4430 2515 4484 etiam
2553 4428 2744 4481 Fried-

448 4519 771 4574 laenderum
806 4519 866 4573 in
903 4518 1279 4588 Marquardtii
1313 4518 1609 4575 enchiridii
1646 4517 1726 4573 111
1764 4536 1818 4587 p.
1856 4519 1977 4573 505.
