3190 5037
1538 302 1692 364 19‘

1151 481 1187 565 ἓ
1232 491 1289 549 2.
1377 487 1480 547 De
1523 471 2000 550 secutoribus.

675 593 762 655 Of.
806 595 970 673 Lips.
1017 595 1072 652 II
1120 617 1167 656 c.
1215 600 1271 667 7,
1320 595 1495 656 Henz.
1541 616 1603 673 p.
1655 596 1794 670 115,
1836 596 2053 656 Friedl.
2097 615 2159 673 p.
2205 596 2325 656 515
2373 618 2462 676 sq.

618 727 852 808 Lipsius
895 736 956 789 et
999 730 1414 790 Friedlaender
1467 737 1765 791 secutores
1818 733 1935 790 iam
1978 731 2272 791 Ciceronis
2335 738 2531 793 aetate
2575 735 2723 793 exti-

418 829 562 887 tisse
603 835 821 906 putant
864 832 977 890 nisi
1022 831 1314 892 Ciceronis
1360 832 1560 891 uerbis
1606 832 1682 892 ad
1724 832 1905 892 Attio.
1940 831 2065 904 VII,
2102 835 2195 908 14,
2228 834 2296 892 2:
2346 839 2721 908 „secutorum

418 931 478 988 in
543 930 682 990 ludo
742 931 1036 1004 (Caesaris
1102 929 1362 1011 Capuae)
1432 929 1554 991 100
1604 927 1902 993 fuerunt“.
1989 933 2105 993 Sed
2156 933 2568 1012 ,‚secutorum“
2613 957 2722 1014 pro

420 1030 634 1090 codicis
679 1033 926 1092 lectione
987 1033 1367 1107 ‚‚scutorum“
1413 1055 1444 1093 e
1489 1036 1827 1094 coniectura
1870 1036 2108 1111 scripsit
2161 1035 2471 1112 Victorius,
2542 1058 2719 1115 quam

421 1129 799 1205 Gorradius1)
850 1154 956 1193 suo
1008 1136 1137 1194 iure
1181 1136 1398 1212 reiecit,
1451 1135 1612 1212 quod
1669 1141 1969 1193 secutores
2012 1142 2321 1213 praeterea
2364 1158 2399 1196 a
2443 1136 2722 1198 Cicerone

418 1251 533 1291 non
574 1241 1039 1294 memorarentur
1081 1256 1271 1314 neque
1313 1237 1575 1313 intellegi
1622 1241 1842 1314 posset,
1888 1256 1991 1294 cur
2020 1238 2193 1295 unius
2234 1237 2722 1314 tantumgladia-

416 1338 614 1392 torum
673 1337 906 1410 generis
957 1336 1127 1395 fieret
1180 1339 1411 1396 menti0.
1499 1337 1718 1396 Tamen
1770 1339 1830 1395 in
1884 1356 1952 1395 ea
1994 1357 2059 1396 re
2106 1339 2347 1412 errauit,
2415 1338 2573 1414 quod
2617 1338 2719 1397 illo

420 1434 706 1496 uocabulo
748 1456 865 1495 non
908 1442 1031 1496 tam
1076 1437 1490 1514 gladiatorum,
1549 1457 1727 1514 quam
1769 1439 2031 1516 ipsorum
2077 1443 2378 1498 scutorum
2428 1443 2621 1496 certus
2668 1438 2720 1494 ei

418 1535 733 1596 uidebatur
789 1536 1032 1595 indicari
1085 1558 1380 1598 numerus.
1455 1538 1690 1598 'Narrat
1742 1540 1891 1596 enim
1947 1538 2147 1597 Cicero
2195 1537 2533 1613 Pompeium
2579 1536 2719 1596 Cae-

419 1636 565 1695 saris
633 1637 989 1712 gladiatores
1061 1638 1228 1697 binos
1287 1638 1534 1715 singulis
1587 1640 1936 1698 familiarum
1995 1638 2265 1716 patribus
2330 1638 2720 1711 distribuisse,

421 1756 492 1794 ne
549 1739 936 1815 eruptionem,
1003 1758 1177 1815 quam
1239 1740 1452 1798 facturi
1515 1740 1697 1798 fuisse
1758 1739 2112 1811 dicerentur,
2172 1759 2381 1799 reuera
2444 1742 2721 1802 facerent.

421 1835 548 1908 Qua
595 1838 655 1895 in
710 1857 886 1896 causa
938 1839 1039 1897 uix
1091 1845 1240 1916 puto
1286 1840 1470 1898 Attici
1511 1840 1799 1899 intererat
1841 1842 2008 1914 scire,
2076 1846 2223 1917 quot
2266 1847 2471 1900 scuta
2517 1844 2578 1900 in
2620 1842 2722 1900 illo

417 1936 558 1996 ludo
587 1939 854 1998 fuissent.
908 1940 1089 1999 Immo
1119 1940 1606 2014 gladiatorum
1638 1959 1914 1999 numerus
1946 1940 2211 1999 Ciceroni
2240 1946 2370 1999 erat
2397 1961 2719 2000 memoran-

419 2037 548 2110 dus,
602 2045 671 2098 ut
716 2041 946 2100 Atticus
988 2041 1378 2119 intellegeret,
1423 2047 1711 2119 quantum
1754 2042 1963 2101 fuisset
2000 2042 2318 2118 periculum
2365 2062 2401 2100 a
2445 2042 2721 2120 Pompeio

419 2139 729 2198 euitatum.
817 2141 1045 2219 Itaque,
1113 2144 1266 2199 sicut
1311 2139 1520 2200 Graeci
1561 2142 1762 2200 uerbis
1807 2135 1983 2200 ὅπλον
2025 2135 2127 2217 (cf.
2174 2141 2464 2219 Kruegeri
2517 2147 2716 2202 notam

420 2239 496 2298 ad
553 2241 702 2301 Xen.
748 2242 935 2302 Anab.
980 2241 1052 2312 11,
1098 2244 1156 2313 2,
1205 2238 1270 2320 4)
1317 2248 1378 2301 et
1420 2237 1593 2313 ἀσπίς
1632 2237 1735 2321 (cf.
1780 2243 1928 2302 Xen.
1967 2244 2078 2301 An.
2123 2242 2171 2317 Ι,
2219 2243 2277 2311 7,
2329 2246 2431 2311 10,
2502 2243 2715 2303 Herod.

418 2341 470 2399 V
519 2342 633 2412 30,
719 2340 900 2420 Soph.
964 2343 1055 2403 El.
1106 2346 1181 2402 36
1257 2363 1387 2402 cum
1453 2342 1703 2402 Nauckii
1768 2339 1933 2418 nota)
2005 2363 2103 2402 eos
2169 2343 2531 2417 significant,
2618 2347 2720 2420 qui

419 2435 602 2500 ὅπλον
645 2444 770 2500 siue
813 2438 1032 2502 ἀσπίδα
1071 2445 1288 2515 ferunt,
1333 2447 1486 2504 sicut
1516 2450 1578 2503 et
1621 2465 1726 2503 nos
1758 2451 1817 2504 et
1855 2447 1969 2524 ipsi
1999 2446 2246 2503 Romani
2291 2438 2387 2520 (cf.
2419 2444 2718 2506 Drakenb.

418 2542 494 2602 ad
538 2543 670 2603 Liu.
712 2544 874 2615 XXI,
920 2547 1020 2618 27,
1068 2547 1132 2617 5)
1176 2567 1285 2625 pro
1331 2546 1628 2623 equitibus
1672 2546 1916 2605 dicimus
1960 2564 2164 2622 equos:
2207 2548 2290 2607 sic
2335 2546 2534 2607 Cicero
2578 2568 2721 2606 uoce

420 2646 726 2717 ‚‚scutum“
771 2647 992 2707 indicat
1033 2648 1412 2725 gladiatores,
1458 2650 1681 2726 quippe
1714 2649 1817 2725 qui
1849 2668 2047 2706 omnes
2077 2648 2201 2705 fere
2243 2650 2424 2708 scutis
2454 2654 2718 2707 utantur.

416 2747 621 2824 Neque
686 2748 808 2806 ulla
877 2755 968 2808 est
1038 2770 1236 2821 causa,
1303 2770 1406 2809 cur
1472 2753 1772 2808 secutores
1827 2750 1942 2807 iam
1997 2746 2290 2807 Ciceronis
2354 2754 2554 2807 aetate
2606 2768 2720 2825 pu-

417 2868 629 2923 gnasse
677 2848 1006 2922 credamus;
1055 2871 1128 2908 ne
1170 2852 1230 2909 in
1267 2851 1463 2910 titulis
1508 2850 1744 2927 quidem
1783 2850 2090 2908 Venusinis
2121 2848 2257 2907 IRN
2289 2851 2429 2919 736,
2466 2851 2582 2908 737
2628 2852 2717 2907 in-

421 2950 691 3026 cipientis
770 2952 1192 3026 imperatorum
1269 2953 1512 3022 aetatis,
1585 2949 1685 3008 ubi
1760 2952 2015 3008 omnium
2090 2950 2210 3007 fere
2284 2954 2715 3008 armaturarum

417 3056 819 3108 memorantur
873 3049 1256 3127 gladiatores,
1325 3052 1610 3110 secutoris
1663 3049 1734 3107 fit
1791 3051 2028 3108 mentio.
2115 3048 2346 3107 Primus
2391 3049 2463 3108 de
2507 3051 2589 3107 eis
2632 3049 2718 3108 lo·

418 3150 622 3225 quitur
687 3148 998 3207 Suetonius
1066 3150 1252 3228 Calig.
1302 3153 1398 3223 30,
1464 3156 1604 3228 post
1674 3170 1806 3209 eum
1870 3149 2151 3227 permulti
2217 3148 2318 3208 alii
2382 3152 2718 3227 scriptores,

415 3249 581 3308 uelut
622 3248 915 3340 I—uuenalis
963 3251 1368 3322 Artemidorus
1414 3245 1523 3309 Di'o
1560 3235 1826 3310 isidorus
1873 3251 2071 3311 ceteri.

619 3352 697 3410 Hi
751 3337 946 3411 omnes
1008 3358 1144 3411 sunt
1201 3358 1382 3412 testes
1439 3359 1736 3412 secutores
1786 3372 1915 3411 cum
1971 3351 2227 3411 retiariis
2271 3370 2588 3428 pugnasse,
2653 3351 2715 3409 id

417 3452 576 3530 quod
636 3454 750 3511 iam
796 3451 1033 3529 Lipsius
1092 3451 1590 3526 animaduertit2).
1683 3454 1816 3512 Erit
1869 3456 2119 3512 fortasse
2160 3452 2262 3528 qui
2312 3452 2407 3510 uel
2450 3450 2523 3509 ob
2573 3450 2721 3509 hanc

416 3574 536 3612 rem
575 3560 842 3613 ueterum
872 3554 944 3611 de
988 3554 1350 3613 secutoribus
1383 3555 1732 3614 sententiam
1777 3554 1984 3613 falsam
2015 3573 2139 3611 esse
2183 3554 2537 3630 suspicetur3
2585 3572 2716 3609 nam

417 3656 467 3713 si
516 3655 603 3712 illi
652 3660 810 3713 recte
865 3654 1297 3724 iudicauerunt,
1360 3675 1555 3713 nonne
1608 3656 1817 3713 mirum
1874 3654 1986 3713 tibi
2038 3653 2297 3723 uidetur,
2363 3668 2715 3729 quamquam

417 3774 594 3832 saepe
621 3774 823 3833 pugna
866 3758 1151 3814 secutoris
1195 3761 1254 3813 et
1282 3756 1509 3813 retiarii
1553 3755 1713 3833 apud
1757 3757 2075 3832 scriptores
2104 3757 2477 3823 memoretur,
2520 3758 2716 3811 tamen

417 3857 478 3914 in
537 3854 804 3915 omnibus
859 3858 1265 3930 monumentis,
1333 3855 1433 3916 ubi
1490 3857 1765 3914 retiarius
1823 3875 2095 3933 pugnans
2151 3854 2481 3930 descriptus
2536 3850 2715 3927 est⁸),

626 4000 678 4069 1)
720 4000 1048 4054 Corradium
1088 4000 1330 4055 editores
1368 3999 1659 4054 nouissimi
1699 3999 1839 4053 Boot
1876 4004 1935 4054 et
1970 3999 2161 4052 Baiter
2199 3996 2373 4051 secuti
2413 3999 2558 4049 sunt.

621 4088 679 4158 2)
717 4088 853 4143 Cum
888 4106 1159 4158 nusquam
1195 4092 1501 4142 secutorem
1539 4088 1706 4141 etiam
1732 4104 1856 4141 cum
1895 4086 2018 4139 aliis
2054 4084 2460 4154 gladiatoribus
2496 4101 2717 4152 compo·

418 4175 586 4229 situm
632 4192 750 4231 esse
799 4177 1074 4244 tradatur,
1122 4193 1234 4230 non
1277 4184 1431 4231 recte
1475 4174 1876 4229 Friedlaender
1920 4176 1981 4228 in
2026 4174 2344 4243 anaglypho
2377 4172 2717 4241 Pompeiano

417 4262 578 4331 (bull.
623 4261 822 4335 Napol.
865 4264 942 4319 IV
984 4267 1038 4329 1)
1094 4268 1409 4319 secutorem
1456 4280 1603 4322 .cum
1670 4262 1920 4317 Samnite
1973 4266 2314 4332 pugnantem
2373 4260 2715 4329 descriptum

419 4368 539 4405 esse
580 4350 882 4407 existimat.
2527 4404 2532 4409 .

620 4441 671 4507 3)
714 4439 1070 4509 Excipienda
1126 4445 1257 4495 sunt
1311 4444 1376 4495 ut
1422 4458 1522 4509 par
1571 4444 1657 4495 est
1702 4456 1783 4509 ea,
1831 4455 1973 4509 quae
2024 4438 2241 4494 retiarii
2295 4454 2543 4509 pugnam
2591 4453 2716 4491 cum

417 4528 772 4584 murmillone
807 4529 1092 4588 exhibent.
