3190 5037
1597 301 1631 355 5

463 478 589 537 ludi
620 477 919 538 Liberalia
949 485 1321 551 uocarentur,
1365 479 1643 539 honorem
1680 479 1876 539 Liberi
1902 481 2093 558 patris
2121 479 2426 538 manifeste
2453 478 2762 539 sonabant.

465 578 681 638 Libero
737 580 892 638 enim
943 600 980 640 a
1023 582 1257 641 rusticis
1301 583 1492 659 primo
1536 581 1758 641 fiebant
1799 582 1878 642 ob
1924 580 2289 652 beneficium,
2355 581 2514 658 quod
2561 582 2612 640 ei
2655 581 2762 640 ad-

464 682 728 743 scribunt
769 681 1173 742 demonstrata
1215 683 1414 759 gratia
1456 680 1644 742 uini“.
1730 682 2030 742 Liberalia
2072 701 2213 742 uero
2257 681 2369 742 hoc
2408 683 2536 741 loco
2581 685 2761 742 nomi·

465 789 607 842 nata
652 789 970 861 propterea
1023 803 1138 842 non
1192 789 1441 861 possunt
1492 803 1619 844 esse
1670 783 1951 854 Romana,
2018 784 2157 861 quia
2222 782 2364 843 haec
2416 785 2764 862 spectaculis

467 882 748 942 carebant
787 903 978 961 neque
1008 883 1337 959 Suetonius,
1385 890 1453 943 ut
1496 904 1606 961 par
1637 889 1743 958 est,
1790 885 1941 949 ullos
1979 885 2161 947 festos
2190 883 2485 942 recensuit
2526 888 2763 960 praeter

465 1005 581 1058 eos,
625 988 883 1063 quicum
930 985 1127 1062 aliquo
1169 985 1632 1062 spectaculorum
1675 1005 1888 1062 genere
1917 990 2087 1044 erant
2131 985 2442 1044 coniuncti.
2530 983 2761 1042 Intelle-

463 1087 658 1164 genda
711 1088 896 1165 igitur
945 1092 1087 1147 sunt
1129 1085 1411 1163 Dionysia
1452 1088 1672 1165 Attica,
1739 1106 1890 1165 quae
1944 1075 2360 1164 saepenumero
2404 1104 2441 1144 a
2484 1083 2762 1143 Romanis

465 1187 764 1247 Liberalia
805 1194 1018 1249 uocata
1056 1193 1196 1248 sunt
1239 1184 1336 1264 (cf.
1383 1190 1558 1247 etiam
1590 1188 1986 1266 Marquardtii
2030 1187 2248 1247 enchir.
2281 1184 2364 1244 111
2394 1205 2452 1262 p.
2486 1184 2627 1258 348,
2675 1177 2761 1259 2).

467 1289 780 1349 Praeterea
824 1289 966 1350 dicit
997 1288 1399 1349 Cassiodorius
1443 1309 1568 1348 uar.
1617 1288 1703 1347 111
1734 1292 1829 1362 51,
1893 1289 1996 1348 ubi
2040 1287 2452 1347 Suetonianam
2496 1290 2764 1362 repetere

465 1388 701 1449 uidetur
771 1391 1093 1450 doctrinam
1169 1383 1269 1470 (of.
1318 1388 1485 1452 Reiff.
1540 1409 1601 1467 p.
1647 1391 1785 1466 336,
1833 1383 2013 1468 464):
2093 1389 2355 1466 „primus
2429 1387 2581 1445 enim
2656 1385 2764 1445 hoc
2865 1418 2866 1421 ¹

464 1491 626 1570 apud
693 1491 921 1551 Elidem
987 1490 1159 1550 Asiae
1224 1486 1563 1567 (legendum
1632 1487 1996 1564 ‚,Achaiae“)
2070 1491 2372 1549 ciuitatem
2439 1485 2764 1546 Oenomaus

463 1594 656 1652 fertur
684 1592 956 1671 edidisse,
985 1593 1145 1670 quod
1178 1597 1384 1671 postea
1414 1591 1698 1652 Romulus
1747 1592 2029 1670 inraptu
2059 1591 2402 1650 Sabinarum
2434 1630 2449 1646 .
2478 1634 2491 1647 .
2526 1631 2541 1647 .
2572 1592 2762 1647 osten-

467 1695 623 1752 tauit
666 1689 933 1753 Italiae“.
1023 1692 1171 1751 Sunt
1213 1694 1484 1764 fortasse,
1552 1695 1654 1770 qui
1699 1692 1789 1751 his
1834 1713 1961 1753 cum
2006 1692 2202 1759 ueaebis
2243 1707 2508 1769 pugnare
2549 1691 2765 1767 putent

465 1795 656 1853 locum
702 1793 1047 1853 Tertulliani
1091 1796 1130 1853 i.
1177 1812 1226 1853 e.
1265 1792 1528 1853 Suetonii
1574 1813 1621 1854 c.
1667 1795 1731 1855 9:
1778 1793 1919 1870 „sed
1965 1799 2028 1853 et·
2070 1793 2301 1851 Primus
2344 1789 2764 1849 Erichthonius

468 1913 674 1953 currus
717 1899 778 1952 et
822 1900 1111 1972 quattuor
1163 1914 1340 1954 ausus
1386 1894 1634 1972 Iungere
1678 1913 1859 1971 equos
1900 1894 2264 1971 rapidusque
2305 1893 2453 1952 rotis
2496 1892 2767 1950 insistere

467 1995 659 2055 uictor
702 1991 902 2072 (Verg.
936 1995 1145 2072 Georg.
1182 1996 1267 2054 111
1315 1990 1460 2071 113)
1506 2040 1773 2056 .....
1790 2013 1818 2067 3·
1873 1997 1922 2054 si
1966 2014 2105 2053 uero
2153 1993 2460 2053 Trochilus
2505 1993 2765 2069 Argiuus

469 2100 675 2157 auctor
735 2101 826 2156 est
875 2116 1105 2170 currus,
1164 2098 1389 2175 primae
1432 2097 1641 2156 Iunoni
1691 2097 1753 2154 id
1799 2117 1947 2175 opus
1992 2116 2162 2155 suum
2207 2089 2561 2154 dedicauit“.
2650 2092 2764 2152 Sed

465 2198 627 2258 locus
665 2200 809 2275 ipse,
852 2202 924 2257 ut
966 2199 1138 2257 multi
1182 2199 1299 2273 alii,
1346 2198 1518 2257 docet
1561 2197 1901 2257 Suetonium
1947 2197 2275 2275 complures
2317 2197 2492 2255 unius
2529 2197 2614 2253 rei
2658 2199 2763 2253 aut

467 2299 880 2377 explicationes
915 2303 1021 2357 aut
1067 2301 1321 2376 origines
1368 2318 1709 2359 enumerare
1762 2319 1954 2376 neque
1996 2318 2170 2358 unam
2218 2298 2427 2357 ceteris
2470 2297 2767 2374 praeferre

467 2401 703 2459 solitum
747 2420 890 2461 esse.
983 2399 1119 2459 Sine
1161 2399 1340 2463 dubio
1393 2401 1577 2477 igitur
1625 2403 1799 2459 etiam
1841 2399 2002 2459 illam
2048 2399 2325 2459 Oenomai
2369 2397 2764 2456 inuentionem

467 2505 832 2571 narrauerat‚
880 2502 1102 2580 quippe
1141 2521 1294 2579 quae
1335 2504 1586 2561 omnium
1636 2506 1791 2562 esset
1834 2502 2156 2561 notissima.
2242 2498 2354 2560 Sed
2396 2502 2537 2558 utut
2566 2517 2659 2557 res
2702 2515 2764 2557 se

466 2601 666 2674 habet,
725 2607 884 2662 certe
938 2601 1312 2662 Erichthonii
1382 2608 1444 2661 et
1499 2602 1757 2662 Trochili
1813 2602 2080 2680 exempla
2142 2602 2213 2661 de
2275 2598 2551 2660 Graeciae
2607 2598 2764 2657 ludis

467 2708 703 2781 sumpta
763 2708 903 2762 sunt
968 2723 1156 2781 neque
1214 2705 1403 2763 minus
1458 2704 1537 2776 id,
1606 2703 1763 2781 quod
1806 2703 2070 2763 Isidorus
2127 2703 2273 2777 orig.
2316 2699 2517 2759 XVIII
2554 2701 2629 2760 35
2693 2700 2766 2759 de

467 2800 765 2863 Clisthene
807 2804 1017 2864 refert:
1063 2806 1240 2883 „iugo
1284 2804 1509 2882 primus
1545 2801 1873 2863 Clisthenes
1918 2803 2222 2879 Sicyonius
2265 2809 2497 2863 tantum
2541 2801 2762 2861 medios

467 2905 699 2981 iugauit
739 2923 954 2981 eosque
997 2905 1258 2982 singulos
1287 2924 1360 2963 ex
1401 2907 1657 2982 utraque
1684 2909 1856 2982 parte
1898 2903 2148 2982 simplici
2193 2904 2425 2964 uinculo
2457 2903 2762 2982 applicuit,

468 3024 616 3083 quos
660 3004 869 3064 Graeci
912 2999 1309 3084 σειραφόρους,
1372 3004 1572 3065 Latini
1621 3005 1884 3065 funarios
1926 3008 2159 3076 uocant,
2207 3025 2242 3064 a
2289 3024 2503 3081 genere
2544 3004 2766 3063 uinculi

468 3127 585 3184 quo
625 3107 792 3185 prius
838 3100 1292 3183 alligabantur“.

666 3207 777 3267 Sed
822 3207 1132 3268 Suetonius
1175 3209 1234 3266 in
1278 3207 1431 3266 libro
1474 3207 1547 3267 de
1590 3208 1980 3267 Romanorum
2027 3208 2375 3287 spectaculis
2415 3228 2531 3268 non
2575 3210 2763 3269 solum

467 3307 824 3368 Graecorum
878 3329 973 3368 res
1028 3309 1281 3368 ludicras
1341 3305 1556 3368 leuiter
1598 3310 1967 3388 perstrinxit,
2030 3330 2236 3369 uerum
2280 3311 2454 3368 etiam
2506 3310 2764 3386 aliquam

465 3415 694 3487 partem
739 3412 864 3469 eius
907 3411 1112 3488 populi
1141 3411 1411 3470 ludorum
1461 3410 1663 3469 eadem
1694 3410 2007 3470 uerborum
2048 3413 2216 3489 copia
2258 3412 2545 3469 tractauit
2588 3416 2767 3488 atque

464 3510 636 3569 ludos
676 3510 988 3570 Romanos.
1077 3511 1314 3570 Etenim
1370 3515 1688 3590 postquam
1748 3512 1821 3570 de
1865 3515 2175 3589 utriusque
2217 3513 2449 3589 generis
2491 3511 2765 3570 ludorum

467 3610 852 3688 apparatibus
909 3612 1051 3670 locis
1115 3610 1394 3672 aedificiis
1460 3611 1755 3688 disseruit,
1824 3612 1898 3671 ad
1951 3632 2168 3690 agones
2228 3614 2268 3672 i.
2323 3632 2371 3671 e.
2428 3613 2766 3690 spectacula

465 3712 740 3789 gymnica
792 3713 955 3771 uenit
985 3706 1054 3791 ¹),
1122 3732 1272 3790 quae
1345 3733 1698 3791 quamquam
1762 3715 1878 3773 iam
1946 3715 2134 3774 altero
2193 3733 2246 3773 a.
2302 3713 2366 3774 Ο.
2414 3733 2473 3772 n.
2534 3713 2765 3773 saeculo

466 3909 586 3979 pito
634 3908 785 3979 apud
830 3909 1086 3965 Lactant.
1126 3910 1240 3966 diu.
1286 3912 1418 3965 inst.
1458 3910 1532 3965 VI
1568 3914 1638 3965 20
1691 3910 1776 3979 (et
1830 3910 2092 3981 primitus
2157 3911 2381 3981 quidem
2439 3911 2766 3966 uenationes

467 4014 716 4067 quaeque
755 4003 1028 4053 uocantur
1070 4016 1301 4054 munera
1339 3999 1580 4055 Saturno
1619 4005 1750 4055 sunt
1786 4000 2095 4069 adtributa,
2150 4000 2269 4055 ludi
2305 4005 2487 4054 autem
2526 4000 2768 4054 scaenici

468 4086 691 4155 Libero,
730 4087 1011 4141 circenses
1049 4105 1184 4143 uero
1207 4088 1522 4159 Neptuno);
1559 4088 1629 4144 cf.
1672 4090 1838 4144 etiam
1873 4089 2107 4146 Tertull.
2147 4088 2200 4142 d.
2239 4091 2413 4157 spect.
2440 4105 2486 4142 c.
2522 4090 2601 4142 10.
2641 4088 2766 4158 Ego

465 4176 583 4245 ipse
627 4181 927 4247 antequam
972 4180 1353 4245 praeceptoris
1399 4178 1741 4247 sagacissimi
1784 4178 2025 4248 cognoui
2060 4177 2428 4233 mut-ationem
2479 4177 2766 4246 leniorem,

469 4265 666 4335 „primi
702 4266 971 4320 scaenici“
1012 4266 1284 4334 scriptum
1323 4265 1490 4320 fuisse
1526 4267 1809 4335 putabam.

667 4351 721 4422 1)
761 4351 903 4407 Nam
941 4357 1038 4407 aut
1078 4354 1244 4408 fallor
1285 4357 1382 4407 aut
1419 4354 1660 4409 musicos
1698 4371 1903 4424 agones
1941 4354 2239 4409 Suetonius
2277 4354 2494 4422 omisit;
2550 4353 2765 4408 Tertul-

467 4440 648 4495 lianus
687 4440 831 4494 enim
873 4441 1195 4509 saepissime
1239 4441 1407 4498 stadii
1445 4446 1502 4496 et
1539 4441 1879 4496 athletarum
1915 4441 2055 4497 facit
2092 4443 2446 4510 mentionem,
2494 4440 2591 4495 sed
2628 4459 2763 4494 nun·

467 4545 651 4597 quam,
690 4529 786 4583 ubi
826 4529 894 4584 de
934 4529 1206 4599 agonibus
1255 4534 1340 4585 est
1388 4546 1585 4600 sermo,
1634 4530 2091 4586 citharoedorum
2139 4534 2236 4585 aut
2273 4529 2634 4585 auloedorum
2669 4534 2768 4584 aut
