3190 5037
1579 258 1648 316 18

667 435 920 508 „Galeae
978 439 1277 505 cristatae,
1346 454 1497 512 quae
1551 435 1802 512 speciem
1856 435 2247 510 magnitudini
2306 455 2612 514 corporum
2660 436 2764 495 ad-

468 534 733 611 derent“,
781 543 843 597 et
870 537 1158 597 militibus
1200 543 1261 595 et
1303 536 1734 612 gladiatoribus
1763 535 2095 595 Samniticis
2141 540 2341 614 erant3
2387 537 2460 595 cf.
2503 537 2763 597 quenal.

466 646 575 698 sat.
624 638 701 697 vl
747 640 888 710 256,
956 637 1058 697 ubi
1114 639 1270 696 inter
1322 657 1484 695 arma
1539 636 1852 696 Samnitica
1894 669 1970 677 —-
2019 638 2164 696 dicit
2217 638 2366 696 enim
2425 639 2766 714 „crurisque

466 741 688 799 sinistri
720 740 1022 798 dimidium
1056 738 1349 815 tegimen“
1387 770 1459 779 —
1495 739 1710 797 cristae
1739 744 2154 799 memorantur.
2246 736 2358 796 Sed
2392 744 2767 797 monumenta

467 840 679 899 docent
706 841 997 901 Thraeces
1035 860 1269 918 quoque
1299 842 1382 900 eis
1413 859 1538 898 esse
1576 859 1731 899 usos.
1786 839 2070 899 Similiter
2112 841 2286 899 etiam
2331 840 2534 916 galeae
2571 842 2764 918 pinnis

419 1013 438 1031 ο
465 947 733 1016 ornatae,
795 962 941 1019 quas
1000 943 1188 1001 Varro
1242 942 1315 1001 (16
1368 941 1512 1018 ling.
1567 942 1675 1001 lat.
1720 941 1767 997 V
1816 941 1936 998 142
1983 937 2083 1011 (cf.
2131 961 2189 1018 p.
2239 941 2342 1009 15)
2407 940 2765 999 Samnitibus

466 1042 696 1120 tribuit,
743 1042 820 1101 ab
864 1044 996 1102 aliis
1026 1043 1340 1118 generibus
1386 1047 1659 1119 receptae
1703 1047 1873 1114 sunt3
1918 1050 2174 1102 ceterum
2222 1043 2421 1101 confer
2455 1042 2527 1101 de
2568 1043 2765 1120 pinnis

465 1142 646 1202 schol.
701 1143 777 1201 ad
822 1144 1021 1203 quen.
1068 1143 1155 1200 III
1205 1144 1320 1202 158
1364 1164 1424 1221 p.
1470 1144 1506 1202 8
1553 1142 1817 1202 allatum.
1905 1143 1998 1202 De
2051 1145 2295 1221 propria
2349 1144 2553 1218 galeae
2607 1143 2765 1202 Sam-

466 1245 681 1303 niticae
725 1246 912 1304 forma
947 1244 1084 1303 uide
1125 1245 1278 1302 infra
1322 1249 1383 1302 et
1427 1243 1611 1302 Henz.
1657 1265 1716 1322 p.
1761 1243 1901 1303 108.

665 1342 778 1402 Sed
834 1345 1065 1415 tunicis,
1132 1345 1205 1403 (16
1262 1344 1477 1421 quibus
1526 1343 1734 1403 Liuius
1778 1344 2059 1420 loquitur,
2124 1363 2322 1403 omnes
2374 1346 2495 1404 fere
2541 1345 2766 1420 gladia-

466 1453 624 1505 tores
680 1444 983 1504 Samnitici
1035 1453 1254 1505 carent.
1341 1444 1630 1522 Equidem
1692 1450 1940 1522 excepta
2004 1448 2182 1503 tertia
2246 1445 2439 1522 figura
2501 1448 2768 1504 tunicata

464 1547 610 1606 uitri
653 1566 687 1604 a
729 1546 1066 1606 Froehnero
1108 1546 1392 1624 publicati
1451 1542 1536 1621 (la
1580 1548 1836 1604 verrerie
1893 1549 2134 1623 antique
2190 1546 2314 1606 tab.
2362 1548 2460 1620 21,
2508 1542 2630 1622 92),
2695 1546 2767 1604 (16

464 1648 629 1707 cuius
690 1652 991 1705 armatura
1057 1653 1276 1706 certum
1343 1647 1621 1705 iudicium
1677 1667 1795 1705 non
1856 1647 2059 1719 habe0‚
2131 1649 2277 1707 duos
2333 1653 2565 1707 tantum
2630 1649 2767 1706 noui

466 1748 754 1807 Samnites
799 1750 1126 1808 tunicatos:
1175 1749 1554 1825 Pampineum
1597 1750 1655 1806 in
1698 1749 1927 1806 musiuo
1971 1748 2363 1825 burghesiano
2394 1749 2608 1823 (Henz.
2643 1749 2765 1810 tab.

466 1845 574 1924 ΙΙΙ)
621 1857 681 1909 et
734 1850 1121 1926 gladiatorem
1180 1852 1241 1907 in
1300 1849 1539 1907 lucerna
1581 1849 1895 1908 Treuerica
1938 1846 2129 1924 (5004
2175 1849 2241 1907 Ρ.
2289 1842 2399 1926 Μ.)
2446 1849 2762 1927 depictum.

467 1951 715 2009 Praeter
773 1970 953 2009 unum
1004 1950 1437 2008 murmillonum
1496 1969 1701 2025 genus,
1771 1950 1843 2008 de
1890 1968 2007 2026 quo
2050 1950 2204 2008 infra
2247 1951 2469 2019 uideas,
2535 1954 2766 2010 omnino

468 2051 688 2108 nullum
736 2051 936 2110 tunica
965 2050 1224 2125 legitime
1264 2069 1432 2109 usum
1476 2069 1602 2107 esse
1647 2049 1902 2109 uidetur.
1957 2048 2251 2124 Loquitur
2292 2049 2526 2126 quidem
2558 2051 2763 2110 Sueto·

466 2153 595 2210 nius
648 2150 834 2226 Calig.
905 2150 981 2208 30
1039 2151 1112 2209 de
1170 2151 1426 2208 retiariis
1480 2151 1760 2208 tunicatis
1816 2154 1875 2207 et
1934 2150 2228 2208 iuuenalis
2289 2149 2432 2208 dicit
2474 2155 2585 2209 sat.
2629 2150 2765 2208 VIII

464 2253 582 2310 207
609 2270 697 2326 sq.
729 2250 801 2308 (16
832 2249 1093 2309 Graccho
1124 2254 1464 2308 auctorato:
1512 2248 1853 2319 „credamus
1884 2250 2134 2321 tunicae,
2179 2249 2252 2307 de
2292 2248 2558 2308 faucibus
2588 2268 2764 2308 aurea

463 2370 593 2409 cum
658 2370 720 2409 se
757 2346 767 2426 Ι
805 2349 1174 2427 porrigat‘?“,
1242 2369 1393 2425 quae
1466 2348 1650 2407 uerba
1708 2348 1929 2407 scholio
1988 2349 2175 2406 altero
2233 2345 2492 2423 (quidam
2540 2354 2760 2408 uestem

460 2451 875 2528 gladiatoriam
907 2451 1128 2522 dicunt,
1175 2469 1350 2526 quam
1386 2448 1569 2507 fibula
1600 2450 1951 2528 pugnaturis
1995 2449 2224 2506 mordet
2254 2468 2289 2506 a
2331 2448 2597 2507 faucibus
2632 2495 2646 2508 .
2672 2493 2686 2508 .
2714 2467 2758 2522 .;

459 2553 522 2611 id
565 2553 747 2610 studii
788 2551 1102 2625 habebant,
1158 2552 1260 2627 qui
1307 2570 1549 2608 munera
1594 2549 1866 2621 edebant,
1911 2556 1981 2609 ut
2024 2554 2313 2609 extremas
2358 2555 2558 2626 partes
2600 2551 2762 2609 tuni-

463 2672 563 2711 cae
619 2654 695 2712 ad
756 2658 966 2728 guttur
1016 2645 1241 2725 (auro)
1308 2655 1602 2723 ornarent,
1669 2670 1785 2726 quo
1832 2652 2044 2708 famam
2110 2644 2421 2729 haberent)
2473 2657 2631 2710 recte
2688 2652 2761 2711 ad

461 2755 742 2812 uestitum
783 2752 1197 2829 gladiatorium
1247 2752 1602 2809 referuntur.
1688 2749 1801 2809 Sed
1829 2751 1983 2809 inter
2025 2749 2308 2828 plurimos
2348 2754 2620 2811 retiarios
2665 2753 2763 2813 de-

460 2857 650 2931 pictos
694 2855 810 2912 duo
855 2856 1088 2911 tantum
1135 2852 1334 2910 tunica
1377 2852 1580 2909 uestiti
1621 2871 1746 2909 esse
1791 2852 2103 2923 uidentur3
2165 2854 2237 2911 cf.
2283 2852 2595 2913 Winkelm.
2641 2874 2761 2912 mo-

461 2975 615 3013 num.
647 2954 849 3012 inedit.
891 2975 952 3030 p.
989 2954 1106 3012 198
1149 2948 1464 3027 (musiuum
1495 2946 1805 3024 Massimii)
1851 2956 1912 3010 et
1949 2952 2165 3011 antich.
2209 2953 2270 3012 di
2307 2955 2594 3015 Ercolano
2627 2956 2762 3013 VIII

462 3053 585 3112 tab.
637 3055 709 3111 12
756 3076 835 3101 =
881 3053 1026 3112 bull.
1088 3053 1298 3130 Napol.
1357 3072 1412 3113 n.
1458 3073 1506 3112 s.
1553 3053 1580 3110 1
1628 3051 1749 3111 tab.
1794 3052 1902 3110 VII
1955 3054 2031 3112 10
2086 3046 2187 3131 (cf.
2252 3055 2761 3116 Venuti·Borioni

463 3155 688 3213 collect.
755 3155 978 3230 antiqu.
1045 3154 1210 3212 Rom.
1257 3153 1381 3213 tab.
1429 3155 1507 3211 94
1552 3175 1610 3231 p.
1657 3148 1784 3227 67).
1891 3153 2110 3213 Tamen
2181 3154 2324 3215 haec
2386 3163 2762 3215 monumenta

463 3256 610 3314 adeo
667 3275 784 3314 non
842 3260 1112 3314 accurate
1166 3260 1306 3314 sunt
1360 3255 1615 3330 reddita,
1682 3260 1748 3313 ut
1802 3255 1947 3314 fides
2005 3276 2203 3314 eorum
2255 3257 2455 3315 formis
2514 3276 2630 3314 non
2684 3258 2762 3313 sit

465 3355 752 3416 habenda.
845 3356 1156 3415 Praeterea
1185 3357 1245 3413 in
1274 3375 1421 3413 urna
1453 3356 1708 3414 Etrusca
1742 3353 2152 3434 (Gonestabile‚
2198 3377 2451 3417 monum.
2496 3357 2556 3415 di
2587 3355 2761 3412 Peru-

463 3460 561 3533 gia
603 3458 724 3516 tab.
772 3459 873 3528 62,
920 3453 982 3532 2)
1036 3457 1333 3532 gladiator
1384 3456 1617 3514 Thraex
1671 3458 1928 3515 tunicam
2003 3458 2202 3518 habet.
2311 3458 2583 3517 Ceterum
2649 3477 2759 3534 par

463 3563 553 3617 est
595 3560 888 3618 tunicatos
929 3558 1289 3635 gladiatores
1332 3557 1602 3616 habuisse
1647 3556 1894 3633 balteos,
1939 3556 2315 3633 subligaculis
2358 3559 2631 3616 caruisse.
2677 3588 2760 3598 -—

664 3657 975 3718 Veniamus
1041 3678 1197 3717 nunc
1267 3657 1344 3717 ad
1410 3678 1537 3716 eam
1604 3658 2004 3734 gladiatorum
2070 3663 2447 3727 armaturam,
2509 3658 2581 3716 de
2643 3678 2761 3735 qua

465 3777 662 3816 omnes
707 3760 823 3816 uiri
869 3758 1026 3818 docti
1069 3761 1217 3817 miro
1262 3758 1433 3816 modo
1478 3763 1849 3827 errauerunt,
1892 3758 1931 3815 i.
1978 3777 2026 3814 e.
2072 3756 2145 3814 ad
2189 3761 2504 3815 secutores.

465 4002 678 4071 peianis
725 4002 956 4071 (Mazois
999 4001 1073 4055 IV
1108 4003 1223 4057 tab.
1260 4003 1349 4072 48,
1393 4006 1438 4057 1.
1477 4005 1535 4068 23
1593 4001 1793 4054 horum
1844 4002 2210 4071 tegimentum
2267 4020 2461 4056 manus
2507 4019 2619 4056 non
2677 4007 2762 4057 est

462 4108 592 4159 pars
641 4091 904 4154 manicae,
965 4090 1061 4145 sed
1109 4089 1306 4160 gladii)
1362 4089 1699 4160 gladiatores
1757 4091 2100 4143 monumenti
2152 4090 2344 4144 Scauri
2382 4091 2542 4161 (Maz.
2582 4090 2606 4144 1
2644 4091 2758 4145 tab.

461 4181 552 4247 323)
598 4179 899 4234 Thraecem
952 4178 1026 4233 M.
1066 4181 1375 4232 Antonium
1432 4176 1721 4232 Exochum
1773 4176 2049 4242 (Fabretti
2088 4179 2189 4233 col.
2234 4180 2382 4233 Trai.
2420 4198 2474 4249 p.
2514 4182 2641 4250 256)
2679 4196 2763 4234 re·

466 4267 665 4321 timos
708 4267 1017 4336 complures
1055 4267 1212 4335 (Rev.
1247 4268 1397 4321 arch.
1430 4267 1478 4321 v
1508 4249 1695 4336 [1848]
1711 4285 1765 4336 p.
1792 4268 1914 4336 563,
1952 4268 2583 4338 V111[1851]tab.169,
2626 4268 2757 4323 buu.

457 4355 704 4426 Napolit.
731 4375 785 4411 n.
818 4374 857 4411 s.
882 4357 903 4409 1
930 4358 1043 4411 tab.
1065 4357 1170 4411 VII
1195 4360 1278 4427 11,
1314 4357 1481 4411 Henz.
1507 4374 1649 4410 mus.
1675 4356 1875 4426 burgh.
1902 4358 2016 4412 tab.
2039 4358 2139 4424 111)
2166 4364 2379 4414 ceteros
2404 4359 2759 4429 gladiatores.
