3190 5037
1545 296 1548 299 ’
1627 280 1659 329 7

487 477 672 535 paene
736 459 1127 516 necessarium
1183 458 1403 516 factum
1460 462 1565 517 est.
1656 455 1769 515 Sed
1814 463 1920 516 aut
1971 457 2144 516 fallor
2209 462 2314 517 aut
2374 458 2544 517 adest
2598 458 2790 518 adhuc

487 560 905 631 testimonium,
971 581 1086 638 quo
1139 559 1412 619 docemur
1465 580 1529 618 re
1573 579 1716 618 uera
1775 559 1831 615 in
1877 558 2075 617 eodem
2121 561 2312 637 primo
2353 557 2507 618 libro
2551 565 2789 636 praeter

486 659 657 718 ludos
702 660 988 720 circenses
1043 662 1218 721 etiam
1274 662 1566 720 scaenicos
1609 681 1735 719 esse
1781 665 2089 720 tractatos.
2180 659 2403 719 Gellius
2446 662 2597 720 enim
2643 661 2786 719 dicit

488 760 573 817 IX
618 763 653 816 7
670 780 684 821 ε
753 760 892 832 „sed
936 762 1009 821 de
1063 762 1277 821 fidibus
1335 763 1527 820 rarius
1572 761 1736 821 dictu
1790 767 1852 821 et
1892 761 2213 820 mirabilius
2259 765 2379 836 est3
2449 781 2624 838 quam
2663 781 2784 819 rem

489 864 550 918 et
593 860 693 919 alii
739 862 895 920 docti
947 862 1065 920 uiri
1117 867 1178 921 et
1221 860 1532 920 Suetonius
1577 863 1753 920 etiam
1798 861 2178 938 Tranquillus
2224 864 2283 919 in
2335 861 2488 920 libro
2531 861 2790 920 ludicrae

489 960 768 1019 historiae
820 963 1008 1039 primo
1062 963 1206 1020 satis
1264 964 1623 1038 compertam
1680 980 1805 1020 esse
1865 962 2128 1038 satisque
2189 982 2366 1039 super
2417 982 2486 1020 ea
2522 967 2789 1021 constare

488 1060 783 1120 adfirmat:
850 1064 1084 1121 neruias
1147 1063 1206 1120 in
1253 1061 1467 1120 fidibus
1512 1062 1766 1145 brumali
1823 1062 1917 1120 die
1975 1062 2121 1120 alias
2177 1061 2381 1138 digitis
2423 1063 2579 1139 pelli,
2644 1063 2789 1121 alias

487 1161 756 1229 sonare“,
809 1183 981 1240 quem
1025 1163 1210 1221 locum
1243 1161 1658 1228 Reifferscheid
1703 1162 1779 1220 ad
1825 1181 1949 1220 eam
1996 1160 2254 1220 ludicrae
2297 1161 2577 1220 historiae
2607 1163 2788 1238 perti-

486 1280 624 1319 nere
688 1265 915 1322 censuit
981 1266 1229 1342 partem,
1293 1283 1410 1339 qua
1473 1270 1668 1321 actum
1739 1267 1893 1321 esset
1959 1262 2030 1320 de
2088 1260 2440 1321 Graecorum
2500 1262 2787 1339 agonibus

489 1365 739 1423 musicis.
828 1362 940 1422 Sed
998 1384 1126 1423 cum
1183 1367 1368 1422 totam
1415 1363 1571 1421 illius
1615 1364 1730 1422 uiri
1775 1363 1847 1422 de
1893 1362 2157 1421 Suetonii
2204 1363 2353 1420 libro
2398 1363 2783 1422 coniecturam

487 1464 694 1522 falsam
750 1484 877 1523 esse
931 1464 1364 1523 demonstrasse
1424 1463 1566 1521 mihi
1617 1464 1823 1522 uidear
1880 1470 1944 1522 et
1996 1463 2243 1541 physica
2298 1463 2400 1520 illa
2451 1463 2785 1523 obseruatio

487 1564 687 1622 eodem
744 1567 951 1642 opinor
1005 1568 1134 1624 iure
1191 1565 1270 1623 ibi
1323 1566 1509 1643 possit
1571 1565 1843 1642 proferri,
1907 1563 2012 1623 ubi
2056 1564 2129 1622 de
2174 1563 2328 1624 ludis
2373 1564 2649 1623 scaenicis
2692 1583 2785 1621 eo·

486 1685 732 1742 rumque
776 1667 1023 1742 singulis
1079 1669 1479 1727 instrumentis
1524 1670 1726 1744 agitur
1755 1662 1819 1741 ¹),
1866 1687 2051 1743 neque
2104 1666 2178 1726 ad
2221 1685 2314 1725 res
2358 1670 2465 1723 aut
2505 1665 2786 1722 circenses

487 1768 592 1822 aut
645 1765 921 1840 agonales
983 1773 1088 1825 aut
1139 1768 1522 1843 gladiatorias
1571 1773 1817 1845 spectet,
1885 1768 2253 1826 manifestum
2302 1770 2391 1823 est
2448 1762 2782 1822 Suetonium

486 1867 544 1922 in
592 1865 780 1923 altera
826 1868 999 1943 primi
1027 1866 1161 1926 libri
1203 1875 1374 1945 parte
1416 1867 1488 1926 de
1532 1869 1686 1926 ludis
1731 1869 2002 1927 scaenicis
2049 1887 2172 1926 esse
2200 1868 2482 1926 locutum.
2568 1864 2786 1920 Tamen

486 1985 602 2024 una
644 1973 917 2042 superest
961 1967 1307 2040 difficultas3
1375 1968 1549 2027 affert
1606 1969 1756 2026 enim
1803 1967 2023 2027 Gellius
2078 1989 2194 2026 non
2219 1980 2226 1985 ’
2251 1967 2506 2045 priorem
2550 1963 2783 2034 librum,

487 2066 588 2125 sed
616 2068 889 2144 primum,
937 2070 1044 2126 etsi
1077 2067 1283 2128 Suidas
1328 2068 1476 2127 duos
1505 2075 1736 2128 tantum
1780 2068 1961 2127 libros
2007 2070 2168 2147 dicit,
2215 2088 2403 2145 neque
2442 2066 2568 2125 ueri
2600 2064 2786 2123 simile

486 2175 576 2226 est
619 2169 927 2227 coniuncta
968 2169 1306 2246 spectacula
1343 2170 1520 2228 stadii
1563 2174 1622 2227 et
1653 2189 1864 2227 arenae
1908 2169 2042 2247 plus
2073 2170 2251 2247 spatii
2292 2169 2568 2238 tenuisse,
2610 2186 2783 2243 quam

485 2268 655 2327 ludos
713 2271 1025 2346 utriusque
1078 2256 1327 2347 generis.
1415 2269 1527 2330 Sed
1572 2269 1792 2329 Gellius
1839 2290 1951 2328 non
2009 2290 2207 2329 uocem
2255 2268 2582 2348 „primum“
2628 2269 2783 2338 olim,

484 2390 688 2428 uerum
756 2391 1058 2429 numerum
1115 2371 1144 2429 I
1195 2372 1448 2448 scripsit,
1518 2391 1688 2447 quem
1745 2370 1990 2440 librarii,
2054 2375 2200 2448 quot
2260 2371 2443 2429 libros
2495 2369 2568 2428 de
2630 2370 2784 2428 ludis

483 2472 815 2550 scripsisset
865 2471 1195 2551 Suetonius,
1244 2473 1584 2549 ignorantes
1630 2473 1779 2533 falso
1823 2472 2285 2551 explicauerunt.

682 3118 1096 3177 Reifferscheid
1129 3124 1189 3177 et
1232 3120 1519 3178 Isidorum
1564 3121 1713 3193 orig.
1745 3119 1939 3177 XVIII
1974 3121 2214 3178 16—59
2261 3122 2322 3176 et
2349 3116 2780 3190 Cassiodorium

480 3239 608 3277 uar.
667 3218 749 3277 111
806 3222 919 3279 51·
954 3223 1263 3279 maximam
1317 3226 1546 3297 partem
1607 3222 1774 3297 sequi
1827 3219 2088 3278 Suetonii
2135 3220 2438 3278 historiam
2499 3217 2779 3276 ludicram

480 3323 721 3394 statuit;
781 3340 931 3398 quae
986 3322 1319 3380 coniectura
1374 3340 1733 3398 quamquam
1779 3322 1952 3397 plane
2007 3321 2181 3378 certis
2243 3319 2543 3395 firmisque
2604 3338 2777 3394 argu·

481 3422 688 3479 mentis
736 3440 851 3479 non
893 3423 1125 3492 nititur,
1184 3423 1398 3480 nemini
1441 3442 1558 3479 non
1601 3423 1843 3497 placuit.
1933 3421 2044 3479 Sed
2084 3421 2286 3478 eodem
2329 3423 2456 3478 iure
2498 3439 2780 3478 commen-

480 3527 732 3581 tatorem
768 3522 1063 3580 quenalis
1121 3521 1271 3581 libro
1317 3521 1584 3581 Suetonii
1639 3542 1807 3581 usum
1852 3541 1978 3580 esse
2022 3520 2295 3580 contendi
2334 3524 2547 3597 potest.
2637 3520 2780 3579 Sae-

478 3622 716 3697 pissime
778 3643 871 3681 res
924 3621 1180 3682 ludicras
1233 3623 1585 3700 perstringit
1643 3624 1955 3681 satirarum
2014 3627 2209 3699 poeta,
2279 3621 2615 3698 saepissime
2669 3619 2778 3679 hos

477 3721 635 3781 locos
675 3743 807 3781 cum
850 3743 957 3782 sua
982 3720 1033 3800 ²)
1077 3728 1204 3783 tum
1256 3724 1505 3784 aliorum
1537 3743 1677 3783 usus
1720 3723 1990 3782 doctrina
2037 3722 2294 3802 explicat
2338 3727 2775 3781 commentator.

681 3969 731 4034 1)
769 3967 850 4020 De
904 3967 1136 4021 citharis
1189 3968 1247 4021 in
1297 3984 1496 4022 scaena
1550 3968 1819 4022 adhibitis
1872 3969 1941 4023 cf.
1992 3968 2104 4023 Cic.
2141 3969 2177 4022 l.
2217 3986 2264 4024 c.
2304 3972 2361 4023 et
2397 3968 2590 4022 Isidor.
2635 3968 2773 4039 orig.

480 4054 662 4108 XVIII
700 4057 796 4109 47:
858 4056 1171 4124 „themelici
1211 4061 1396 4111 autem
1452 4062 1617 4112 erant
1676 4058 1870 4112 musici
1929 4056 2145 4114 scenici,
2199 4058 2294 4126 qui
2345 4057 2401 4109 in
2452 4057 2674 4126 organis
2718 4061 2777 4110 et

476 4143 612 4211 lyris
650 4142 903 4212 (fortasse
939 4145 1151 4208 „tibiis‘
1191 4145 1325 4200 olim
1364 4147 1635 4215 scriptum
1670 4147 1814 4215 erat)
1852 4149 1907 4199 et
1943 4146 2172 4200 citharis
2208 4145 2663 4215 praecinebant“;
2704 4144 2773 4197 cf.

476 4232 644 4284 etiam
681 4231 935 4286 Momms.
975 4234 1137 4288 Rom.
1177 4233 1371 4287 Gesch.
1410 4234 1435 4286 1
1460 4235 1494 4287 6
1524 4252 1574 4302 p.
1606 4235 1711 4288 226
1759 4237 1877 4287 not.

674 4319 731 4389 2)
769 4320 936 4373 Velut
988 4323 1046 4375 in
1091 4323 1241 4375 notis
1289 4322 1358 4375 ad
1398 4322 1473 4375 VI
1511 4323 1616 4376 588
1665 4322 1755 4388 (de
1798 4323 1934 4376 circi
1971 4323 2167 4393 spina),
2227 4320 2356 4375 VIII
2394 4321 2466 4375 53
2504 4320 2596 4389 (de
2634 4320 2773 4374 circi

477 4406 722 4474 hermis).
752 4438 818 4447 —
855 4408 1026 4464 Plane
1052 4410 1585 4480 praetermittendae
1623 4416 1768 4479 sunt,
1808 4414 1871 4463 ut
1906 4427 2009 4479 par
2042 4416 2144 4479 est,
2181 4402 2582 4481 παραφρᾶσεις,
2622 4407 2777 4461 uelut

477 4496 548 4550 ad
584 4495 661 4553 VI
700 4497 820 4550 387.
