3190 5037
1572 326 1645 381 45

452 511 589 580 tior,
641 529 813 586 quam
867 511 925 568 in
966 508 1478 582 aduocationibus‚
1527 510 1630 584 qui
1671 508 1948 584 usquein
1975 505 2201 567 Oceano
2246 511 2451 566 natare
2481 508 2758 580 uolueris,

453 609 917 669 studiosissimus
961 609 1134 668 homo
1170 609 1430 683 natandi,
1474 629 1664 685 neque
1695 613 1962 686 spectare
1992 608 2333 682 essedarios,
2383 628 2552 684 quem
2585 612 2759 666 antea

456 729 528 768 ne
574 709 929 769 andabatam
953 708 1003 783 ¹)
1047 711 1281 786 quidem
1313 709 1667 769 defraudare
1697 704 2066 787 poteramus)
2105 709 2416 768 Trebatius
2455 711 2759 768 incusatur

454 810 567 868 sibi
597 831 712 870 non
748 816 1046 872 constare:
1093 816 1268 871 antea
1296 811 1536 870 natandi
1573 812 2038 870 studiosissimus
2072 816 2218 884 erat,
2251 831 2404 869 nunc
2435 811 2494 868 in
2525 810 2754 869 Oceano

456 915 663 972 natare
713 932 830 971 uon
883 914 1046 987 uult3
1102 919 1275 972 antea
1326 933 1399 971 ne
1455 912 1811 971 andabatam
1866 912 2099 989 quidem
2154 912 2493 971 defraudari
2537 912 2753 988 potuit,

454 1033 610 1071 nunc
653 1013 813 1091 ipsos
861 1014 1184 1073 essedarios
1230 1014 1509 1090 neglegit.
1601 1001 1786 1071 Erant
1831 1013 2016 1090 igitur
2071 1013 2401 1071 audabatas
2444 1032 2512 1070 ea
2560 1019 2758 1072 aetate

458 1113 677 1173 Romae
732 1115 1021 1175 uilissimi.
1109 1114 1475 1188 Essedarios,
1546 1113 1761 1190 quibus
1826 1113 2153 1173 audabatas
2223 1113 2423 1173 Cicero
2488 1116 2755 1193 opponit,

457 1214 772 1274 Britannos
817 1219 978 1294 ipsos
1023 1216 1136 1275 dici
1184 1217 1370 1292 magis
1415 1235 1591 1292 quam
1639 1213 1997 1290 gladiatores
2042 1214 2215 1273 docet
2258 1215 2434 1292 epist.
2463 1219 2518 1288 6,
2547 1219 2611 1276 2:
2657 1219 2752 1288 „in

454 1317 766 1378 Britannia
825 1337 903 1376 ne
947 1317 1021 1375 ab
1075 1317 1386 1376 essedariis
1439 1316 1747 1393 decipiaris
1805 1314 2068 1374 caueto“.
2158 1316 2378 1374 Tamen
2431 1318 2754 1377 audabatas

448 1439 512 1476 re
556 1440 699 1478 uera
745 1420 926 1477 fuisse
977 1418 1337 1494 gladiatores
1383 1416 1720 1493 Hieronymi
1776 1416 1969 1475 tribus
2013 1416 2154 1475 locis
2212 1417 2448 1477 uidetur
2491 1437 2755 1497 compro·

448 1517 605 1597 bari3
654 1521 702 1577 is
745 1519 897 1577 enim
939 1516 1082 1576 dicit
1111 1517 1246 1577 adu.
1279 1517 1466 1576 Iouin.
1497 1516 1520 1574 1
1550 1518 1627 1575 36
1658 1509 1827 1594 (tom.
1855 1515 1911 1574 11
1933 1537 1992 1593 p.
2017 1519 2138 1576 294
2163 1517 2199 1575 d
2245 1518 2334 1578 ed.
2357 1519 2416 1576 II
2440 1518 2749 1599 vallars.)=

457 1620 705 1690 „melius
772 1625 861 1679 est
906 1623 1103 1677 tamen
1166 1618 1378 1677 clausis
1436 1619 1591 1695 quod
1638 1618 1855 1676 dicitur
1899 1618 2081 1676 oculis
2128 1618 2552 1678 andabatarum
2596 1641 2754 1679 more

452 1734 741 1797 pugnare,
783 1739 956 1796 quam
1004 1719 1229 1778 directa
1261 1719 1487 1795 spicula
1531 1719 1718 1797 clipeo
1762 1739 1878 1777 non
1924 1719 2206 1796 repellere
2237 1714 2569 1790 ueritatis“,
2616 1742 2747 1781 con·

451 1826 549 1879 tra
591 1819 785 1880 Rufin.
815 1823 847 1879 3
872 1841 931 1897 p.
962 1822 1071 1880 101
1103 1820 1153 1879 A
1186 1813 1358 1898 (tom.
1383 1819 1435 1877 lI
1464 1840 1524 1897 p.
1555 1820 1677 1878 512
1699 1840 1734 1878 a
1777 1821 1867 1880 ed.
1895 1821 1947 1878 11
1977 1818 2181 1895 Vall.):
2229 1821 2522 1893 „habetur
2566 1824 2757 1883 dialo-.

451 1941 562 1997 gus
624 1921 786 1998 apud
841 1920 1092 1981 Graecos
1153 1921 1412 1998 Originis
1470 1927 1530 1980 et
1584 1920 1851 1989 Candidi,
1918 1923 1978 1979 in
2038 1941 2155 1998 quo
2218 1922 2364 1980 duos
2425 1925 2750 1986 audabatas

451 2021 844 2098 digladiantes
888 2024 1043 2080 inter
1087 2042 1147 2080 se
1187 2027 1480 2099 spectasse
1523 2042 1615 2080 me
1660 2021 1908 2093 fateor“‚
1955 2022 2183 2082 aduers.
2216 2023 2447 2083 Heluid.
2484 2027 2517 2083 3
2547 2047 2603 2104 p.
2635 2030 2666 2085 3
2695 2030 2747 2087 Α

452 2119 533 2197 (ΙΙ
556 2141 614 2198 p.
643 2125 765 2182 210
792 2114 858 2198 (1)
903 2126 1004 2193 „et
1047 2123 1123 2181 ad
1155 2123 1265 2180 hoc
1307 2123 1754 2200 approbandum
1798 2126 2061 2198 congerit
2104 2124 2177 2181 de
2216 2126 2523 2202 scripturis
2554 2148 2744 2186 exem·

449 2223 548 2300 pla
591 2242 767 2300 quam
797 2223 1070 2300 plurima,
1117 2243 1277 2282 more
1319 2223 1752 2283 andabatarum
1782 2225 2043 2299 gladium
2071 2226 2132 2283 in
2162 2226 2422 2285 tenebris
2453 2231 2744 2289 uentilans

452 2329 513 2383 et
556 2324 793 2401 linguae
837 2345 1038 2383 sonum
1087 2326 1162 2383 ad
1193 2326 1575 2385 confodienda
1618 2328 1711 2384 sui
1752 2330 1985 2385 tantum
2018 2328 2277 2403 corporis
2321 2329 2581 2389 membra
2611 2350 2745 2389 con-

448 2417 732 2484 cutiens“.
819 2425 888 2484 Id
937 2429 987 2485 si
1032 2447 1233 2485 uerum
1290 2432 1398 2498 est,
1459 2425 1784 2485 andabatae
1839 2428 2039 2486 eodem
2087 2428 2278 2496 mod0,
2343 2435 2411 2486 ut
2457 2429 2746 2490 Samnites

451 2525 604 2585 Galli
628 2527 935 2606 ThraeceS,
979 2529 1205 2588 inducti
1250 2535 1415 2601 sunt3
1465 2534 1662 2587 tamen
1711 2548 1837 2587 cum
1887 2535 2121 2606 praeter
2169 2531 2600 2607 Hieronymum,
2646 2535 2747 2610 qui

446 2627 725 2687 Varronis
752 2633 1014 2688 saturam
1051 2629 1455 2702 ‚,andabatae“
1486 2632 1827 2707 inscriptam
1853 2633 2099 2689 uertisse
2121 2633 2179 2688 in
2210 2633 2478 2690 notitiam
2512 2633 2748 2692 uidetur

449 2758 525 2767 —
564 2727 708 2788 haec
748 2730 1186 2789 Friedlaenderi
1229 2733 1520 2789 sententia
1565 2762 1665 2800 —,
1708 2732 1902 2789 nullus
1946 2731 2200 2807 scriptor
2244 2733 2456 2790 aetatis
2499 2734 2747 2811 impera-

446 2834 639 2887 torum
688 2849 785 2889 eos
829 2836 1127 2901 memoret,
1175 2836 1301 2890 tum
1345 2833 1460 2890 iam
1507 2833 1686 2889 fuisse
1730 2833 2021 2889 extinctos
2063 2837 2220 2890 recte
2262 2832 2410 2890 idem
2456 2839 2546 2891 est
2590 2835 2745 2894 arbi·
2827 2897 2834 2903 ,

444 2933 656 2990 tratus.
746 2929 974 2989 Clausis
1019 2932 1201 2990 oculis
1246 2951 1343 2990 eos
1373 2951 1667 3009 pugnasse
1708 2932 1877 2991 docet
1920 2932 2308 3008 Hieronymus
2351 2939 2530 3011 atque
2571 2938 2747 2995 etiam

443 3036 683 3090 saturae
714 3030 1112 3090 varronianae
1158 3032 1275 3091 duo
1318 3032 1572 3091 frustula
1616 3033 1689 3091 ad
1738 3034 2078 3092 caecitatem
2127 3036 2452 3111 pertinent3
2499 3038 2748 3096 fortasse

443 3131 612 3206 Lydo
656 3132 1006 3191 credendum
1052 3139 1142 3192 est
1187 3153 1285 3192 eos
1330 3134 1511 3192 fuisse
1552 3134 2018 3212 καταφράκτους;
2080 3135 2218 3194 talis
2272 3135 2564 3211 gladiator
2615 3158 2745 3196 cum

443 3231 648 3290 bestiis
689 3252 980 3310 pugnans,
1036 3233 1136 3292 sed
1182 3235 1273 3292 cui
1319 3234 1470 3292 oculi
1515 3255 1631 3293 non
1683 3241 1821 3294 sunt
1864 3235 2065 3305 clausi,
2119 3237 2179 3292 in
2219 3236 2554 3315 anaglypho
2600 3239 2743 3298 Tor·

354 3333 358 3336 ’
443 3333 689 3393 leniensi
738 3329 918 3408 (mon.
959 3335 1016 3393 d.
1048 3337 1186 3395 inst.
1225 3335 1312 3393 111
1345 3331 1450 3410 38)
1498 3337 1870 3414 conspicitur.

650 3432 1106 3510 Sagittarios
1165 3455 1293 3495 cum
1355 3436 1560 3495 bestiis
1611 3439 1902 3515 imprimis
1957 3440 2311 3515 compositos
2365 3459 2490 3497 esse
2544 3439 2745 3499 Fried-

446 3534 685 3593 laender
730 3557 787 3613 p.
834 3539 952 3595 523
1013 3539 1278 3596 coniecit.
1369 3538 1492 3597 Hac
1550 3559 1681 3597 cum
1737 3559 1802 3598 re
1855 3547 2127 3617 pugnant
2174 3540 2358 3599 uerba
2400 3540 2586 3598 Persii
2631 3547 2743 3602 sat.

447 3633 524 3690 IV
554 3637 662 3695 42:
1773 3634 1777 3639 ’

657 3737 952 3796 caedimus
994 3739 1170 3815 inque
1205 3741 1389 3798 uicem
1434 3740 1782 3817 praebemus
1824 3760 1999 3799 crura
2039 3742 2302 3818 sagittis;

655 3838 882 3898 uiuitur
924 3839 1033 3898 hoc
1073 3845 1264 3917 pacto,
1312 3842 1395 3898 sic
1444 3844 1742 3900 nouimus:
1790 3842 1893 3900 ilia
1937 3841 2141 3901 subter

656 3923 886 3998 caecum
933 3941 1144 4000 uulnus
1192 3939 1394 4017 habes,
1440 3943 1542 4002 sed
1585 3943 1709 4002 lato
1750 3942 1983 4002 balteus
2026 3962 2171 4002 auro

654 4043 964 4117 praetegit,

652 4288 701 4356 1)
738 4288 826 4342 Ita
861 4306 986 4343 cum
1022 4291 1143 4345 cod.
1181 4291 1383 4347 Medic.
1421 4293 1718 4362 legendum
1759 4301 1873 4365 est3
1911 4296 2008 4350 sed
2047 4315 2160 4351 non
2199 4296 2492 4351 Trebatius
2533 4297 2741 4352 dicitur

447 4373 742 4429 andabata.
817 4377 995 4432 Immo
1034 4396 1158 4433 cum
1203 4381 1496 4435 essedariis
1543 4382 1821 4437 andabata
1857 4385 2209 4453 respondeat,
2254 4386 2487 4439 uerbum
2526 4385 2741 4439 defrau-

444 4461 614 4516 dandi
654 4463 758 4517 hoc
809 4465 933 4519 loco
980 4468 1357 4522 accusatiuum
1409 4469 1690 4540 duplicem
1743 4474 1915 4543 regit3
1972 4473 2042 4528 cf.
2085 4473 2317 4529 Varron.
2356 4478 2459 4528 sat.
2495 4473 2737 4544 Menipp.

445 4549 513 4605 fr.
554 4552 660 4606 329
698 4551 929 4607 Buech.=
972 4571 1101 4622 „aes
1138 4556 1496 4614 defraudasse
1531 4561 1856 4629 coponem“.
