3190 5037
92 2665 107 2904 -—r-=—·-·--—

1549 308 1619 364 59

633 487 743 547 IX.
806 485 1009 547 Cicero
1045 489 1105 546 in
1130 507 1222 565 ep.
1258 487 1331 547 ad
1358 487 1487 546 Att.
1522 487 1568 558 1,
1601 487 1658 562 4,
1692 488 1749 558 3,
1793 487 1895 546 ubi
1939 487 2111 546 dicit:
2160 486 2358 564 „quod
2402 486 2479 544 ad
2524 507 2613 545 me
2656 487 2729 546 de

436 588 830 649 Hermathena
870 587 933 662 (i.
981 608 1031 650 e.
1077 588 1296 660 herma,
1351 589 1445 648 cui
1498 594 1559 648 et
1613 588 1888 647 Mercurii
1932 593 1994 648 et
2037 588 2340 647 Mineruae
2382 589 2578 667 capita
2623 591 2727 647 im·

437 691 617 750 missa
647 686 809 766 sunt)
841 690 1064 763 scribis,
1107 710 1213 769 per
1242 690 1385 748 mihi
1419 695 1657 766 gratum
1690 695 1807 749 est:
1850 692 2009 749 erit
2052 687 2210 763 (cod.
2252 690 2458 750 Medic.
2494 690 2731 749 exhibet

436 788 532 866 et)
575 796 981 850 ornamentum
1025 792 1352 851 academiae
1403 793 1711 870 proprium
1758 811 1937 865 meae,
1985 791 2141 868 quod
2183 795 2243 850 et
2285 790 2528 849 Hermes
2573 809 2727 848 com-

435 911 607 951 mune
658 894 914 951 omnium
959 899 1020 952 et
1071 893 1338 952 Minerua
1388 893 1685 968 singulare
1738 899 1830 952 est
1874 894 1997 952 eius
2040 891 2393 969 gymnasii“,
2454 891 2731 950 extremis

441 993 637 1053 uerbis
681 992 974 1068 significat
1016 994 1369 1053 academiam
1417 993 1832 1052 Atheniensem
1877 993 2181 1052 Mineruae
2223 1013 2468 1052 sacram.

638 1094 711 1154 X.
771 1094 1118 1155 Tertullian.
1165 1095 1220 1153 d.
1268 1099 1450 1172 spect.
1497 1113 1543 1153 c.
1594 1094 1629 1152 5
1675 1089 1759 1172 (p.
1795 1094 1892 1166 11,
1937 1094 1971 1152 5
2020 1091 2301 1170 Klussm.)
2362 1093 2730 1154 scribendum

439 1200 554 1253 est:
599 1194 850 1268 „exinde
878 1195 1003 1253 ludi
1034 1193 1350 1254 Consualia
1393 1194 1551 1268 dicti,
1600 1196 1701 1272 qui
1746 1196 1915 1254 initio
1946 1195 2279 1272 Neptunum
2327 1193 2728 1266 honorabant;

437 1341 450 1355 .
485 1339 499 1355 .
534 1340 549 1354 .
594 1295 804 1354 dehinc
845 1294 1108 1369 Ecurria,
1155 1315 1331 1373 quos
1376 1295 1556 1353 Marti
1609 1294 1894 1355 Romulus
1939 1294 2146 1355 dixit“.
2236 1294 2377 1355 cod.
2431 1294 2729 1372 Agobard.

431 1396 612 1455 habet
661 1397 836 1473 quis.

631 1497 733 1556 XI.
798 1496 1018 1557 Ibidem
1045 1519 1094 1557 c.
1120 1502 1153 1556 6
1197 1494 1280 1575 (p.
1311 1499 1406 1577 12,
1432 1501 1472 1557 4
1497 1491 1784 1576 Klussm.)
1816 1498 2091 1573 legerim:
2137 1498 2544 1576 „Megalenses
2574 1498 2725 1556 enim

437 1605 496 1658 et
537 1600 929 1678 Apollinares,
975 1601 1111 1657 item
1155 1599 1421 1659 Oereales
1466 1604 1525 1658 et
1557 1599 1924 1674 Neptunales
1962 1605 2022 1658 et
2052 1600 2320 1659 Latiares
2366 1605 2427 1658 et
2466 1599 2727 1658 Florales

432 1703 492 1759 in
536 1703 1000 1779 cognominia
1043 1697 1149 1775 (sc.
1194 1697 1378 1777 idola)
1423 1700 1824 1767 celebrantur;
1872 1701 2083 1778 reliqui
2131 1701 2403 1760 ludorum
2449 1701 2522 1759 de
2563 1706 2729 1780 nata-

431 1802 583 1860 libus
630 1808 690 1861 et
743 1802 1119 1861 sollemnibus
1174 1823 1379 1880 regum
1436 1808 1496 1861 et
1550 1802 1802 1880 publicis
1851 1801 2341 1879 prosperitatibus
2386 1806 2444 1859 et
2488 1801 2726 1859 munici-

428 1902 664 1981 palibus
710 1904 876 1962 festis
918 1904 1427 1963 institutionis
1473 1923 1680 1962 causas
1715 1902 1952 1981 habent,
1997 1904 2153 1960 inter
2197 1922 2343 1980 quos
2387 1904 2561 1960 etiam
2604 1902 2725 1979 pri-

430 2009 705 2060 uatorum
747 2005 1041 2062 memoriis
1086 2004 1457 2077 legatarie
1502 2004 1744 2062 editae
1789 2004 2360 2080 parentationes,
2405 2002 2466 2060 id
2493 2022 2728 2080 quoque

434 2103 750 2162 secundum
796 2105 1366 2180 superstitionis
1400 2102 1878 2180 antiquitatem“.
1964 2102 2103 2163 cod.
2137 2103 2321 2178 Agob.
2352 2094 2727 2162 habet'com-

432 2222 646 2277 mune,
717 2205 1302 2282 superstitionis,
1371 2205 1789 2281 legatariae
1852 2205 2225 2264 editiones
2294 2210 2727 2283 parentant,

431 2305 952 2364 institutionis.

628 2405 762 2464 XII.
830 2407 1048 2465 Ibidem
1078 2426 1125 2467 c.
1167 2408 1235 2464 21
1276 2402 1363 2485 (p.
1411 2409 1507 2482 26,
1560 2409 1636 2466 10
1689 2404 1972 2483 Klussm.)
2018 2429 2284 2486 propono
2328 2408 2725 2468 scribendum:

429 2508 636 2579 „illum
667 2528 806 2567 uero
837 2508 1161 2568 consectum
1208 2514 1282 2569 et
1325 2510 1466 2568 iam
1508 2512 1979 2569 emorientem
2012 2509 2146 2589 (pro
2181 2512 2394 2570 etiam
2435 2504 2723 2589 amoris)

424 2610 767 2687 spectaculo
810 2609 1081 2687 repetat“
1128 2611 1165 2669 i.
1210 2630 1260 2669 e.
1310 2630 1464 2681 „non
1510 2609 1771 2670 mittat“.
