3190 5037
1555 290 1620 344 15

437 491 534 530 eos
596 474 883 529 memorat
947 462 1076 547 (lib.
1135 469 1218 529 IV
1289 469 1407 526 136
1473 466 1681 527 Lach.:
1760 467 2160 541 „Aeserninus
2218 467 2333 524 fuit
2391 464 2730 525 Flaccorum

435 591 674 630 munere
717 570 955 648 quidam
995 565 1003 646 Ι
1045 569 1290 639 SanmiS,
1348 588 1593 645 spurcus
1641 567 1830 637 home,
1877 570 2003 625 uita
2046 566 2149 625 illa
2193 565 2404 640 dignus
2448 561 2725 642 locoque“

432 678 494 731 et
558 672 718 730 1008
777 671 875 730 L.:
944 672 1251 749 „quamuis
1303 669 1489 729 bonus
1542 670 1671 745 ipse
1709 662 1718 742 1
1757 667 1985 726 Samnis
2044 668 2101 724 in
2167 667 2306 725 ludo
2367 688 2434 726 ac
2484 667 2732 726 rudibus

434 774 620 831 cuiuis
682 772 826 831 satis
884 766 1148 850 asper“),
1213 775 1341 828 tum
1385 769 1572 827 Varro
1630 765 1713 842 (d.
1770 769 1912 844 ling.
1957 767 2090 826 Lat.
2146 767 2194 825 V
2246 770 2392 828 142:
2465 758 2730 848 „[moeri]

434 893 659 933 summa
710 875 925 950 pinnae
967 872 1041 930 ab
1084 872 1192 939 his,
1266 891 1411 947 quas
1465 870 1731 947 insigniti
1779 870 1994 928 milites
2045 868 2262 928 habere
2307 871 2366 926 in
2410 869 2595 945 galeis
2640 889 2731 927 so-

434 973 559 1032 lent
600 979 662 1032 et
703 977 764 1032 in
806 973 1237 1051 gladiatoribus
1283 967 1608 1030 Samnites“
1670 975 1728 1029 et
1778 969 1936 1047 apud
1981 969 2232 1028 Plinium
2272 977 2396 1029 nat.
2440 970 2579 1030 bist.
2624 970 2734 1028 VII

437 1077 543 1134 81:
609 1095 888 1152 „corpore
932 1095 1120 1148 uesc0,
1167 1073 1270 1134 sed
1313 1073 1536 1131 eximiis
1580 1072 1807 1130 uiribus
1843 1071 2228 1130 Tributanum
2273 1073 2333 1129 in
2376 1072 2733 1148 gladiatorio

434 1176 592 1247 ludo,
660 1175 1001 1236 Samnitium
1075 1180 1376 1233 armatura
1425 1172 1737 1243 celebrem,
1802 1171 2103 1249 filiumque
2149 1217 2162 1232 .
2208 1217 2223 1231 .
2274 1217 2309 1243 .,
2375 1179 2581 1232 auctor
2644 1178 2733 1231 est

433 1277 621 1335 Varro
675 1281 737 1336 in
790 1277 1129 1355 prodigiosa
1180 1276 1393 1335 uirium
1459 1268 1777 1348 elatione“)
1844 1278 1907 1331 et
1949 1272 2151 1332 Cicero
2196 1265 2336 1351 (pro
2378 1273 2529 1333 Sest.
2583 1275 2732 1332 134:

436 1373 801 1455 „[Vatinius]
865 1398 995 1437 cum
1052 1397 1191 1437 vero
1253 1396 1326 1434 ne
1388 1375 1461 1434 de
1518 1373 1827 1433 uenalibus
1887 1374 2122 1450 quidem
2176 1374 2437 1434 homines
2497 1375 2731 1446 electos,

434 1478 534 1537 sed
588 1500 661 1538 ex
723 1479 1038 1554 ergastulis
1084 1483 1310 1555 emptos
1354 1474 1687 1534 nominibus
1729 1475 2098 1550 gladiatoriis
2143 1478 2372 1535 ornarit
2413 1482 2474 1534 et
2519 1477 2732 1535 sortito

433 1579 577 1638 alios
624 1579 909 1638 Samnites
953 1579 1096 1636 alios
1140 1583 1561 1654 prouocatores
1607 1575 1846 1634 fecerit“
1894 1580 1954 1633 et
1996 1575 2051 1634 d.
2098 1583 2251 1635 orat.
2297 1578 2351 1634 11
2392 1577 2540 1635 325:
2605 1581 2731 1648 „at-

433 1699 549 1756 que
592 1680 877 1739 eiusmodi
920 1679 1022 1738 illa
1068 1677 1332 1753 prolusio
1378 1675 1553 1735 debet
1598 1695 1739 1752 esse,
1786 1695 1897 1733 non
1942 1681 2012 1735 ut
2055 1676 2421 1748 Samnitium,
2485 1679 2586 1753 qui
2645 1679 2730 1735 ui·

434 1781 615 1839 brant
665 1780 868 1841 hastas
921 1784 1057 1838 ante
1113 1798 1387 1856 pugnam,
1455 1776 1669 1855 quibus
1722 1780 1781 1836 in
1838 1779 2156 1855 pugnando
2203 1778 2351 1837 nihil
2393 1774 2733 1855 utuntur“),

440 1888 770 1959 postremus
813 1882 1096 1940 Horatius
1142 1874 1338 1959 (epist.
1384 1879 1460 1950 II,
1508 1880 1564 1950 2,
1608 1881 1687 1938 97
1707 1894 1723 1938 t
1770 1878 2103 1950 „caedimur
2147 1885 2206 1938 et
2250 1879 2495 1938 totidem
2539 1879 2731 1956 plagis

436 1984 829 2041 consumimus
892 1982 1119 2041 hostem
1157 1977 1167 2055 Ι
1204 1982 1362 2040 lento
1414 1979 1703 2039 Samnites
1770 1980 1844 2039 ad
1911 1980 2130 2038 lumina
2193 1982 2386 2058 prima
2450 1976 2729 2055 duello“).

434 2082 748 2141 Praeterea
790 2084 849 2140 in
882 2082 1108 2142 duobus
1138 2082 1521 2141 inueniuntur
1555 2081 1743 2140 titulis
1772 2078 1845 2154 ¹):
1893 2081 2113 2141 Murat.
2147 2101 2207 2158 p.
2241 2082 2423 2152 1751,
2454 2084 2491 2141 4
2537 2077 2730 2157 (Tele-

433 2181 586 2260 phus
647 2181 887 2242 Samnes
945 2185 1180 2242 natione
1242 2179 1498 2254 Thraex)
1546 2181 1684 2241 IRN
1721 2182 1838 2239 737
1876 2203 1955 2229 =
1993 2180 2187 2240 Wilm.
2220 2181 2466 2259 exempl.
2501 2183 2665 2240 2604
2696 2203 2731 2240 a

433 2278 614 2356 (Sam.
639 2281 853 2342 Strabo
881 2285 1025 2343 Don.
1050 2283 1135 2342 111
1159 2279 1204 2339 Ο
1230 2281 1366 2359 ΙΙΙ),
1390 2302 1563 2359 quem
1584 2281 1827 2341 titulum
1855 2282 2178 2341 Wilmanns
2208 2302 2313 2342 suo
2335 2283 2461 2340 iure
2484 2291 2731 2360 propter

431 2383 570 2442 bina
632 2385 1016 2459 ingenuorum
1086 2385 1319 2443 nomina
1377 2367 1690 2461 incipienti*
1746 2384 2170 2459 imperatorum
2230 2385 2414 2441 aetati
2470 2384 2728 2443 ascribit.

434 2482 576 2544 Post
634 2485 890 2563 Augusti
948 2490 1216 2563 tempora
1261 2483 1551 2543 Samnites
1609 2503 1798 2560 neque
1837 2485 1898 2542 in
1955 2483 2148 2542 titulis
2203 2503 2392 2560 neque
2453 2484 2513 2542 in
2566 2484 2732 2543 libris

432 2586 832 2645 inueniuntur.
893 2586 1081 2644 Miror
1111 2578 1262 2644 hanc
1291 2605 1409 2643 rem
1440 2587 1558 2643 iam
1589 2605 1626 2643 a
1656 2585 1862 2661 Lipsio
1897 2584 2210 2644 indicatam
2239 2604 2429 2661 nequo
2461 2587 2733 2646 Henzeno

433 2707 623 2763 neque
650 2687 1123 2765 Friedlaendero‚
1169 2706 1414 2763 quorum
1460 2692 1713 2762 uterque
1756 2688 1933 2745 etiam
1979 2705 2077 2744 eos
2121 2686 2477 2763 gladiatores
2508 2687 2731 2746 Samni-

433 2790 565 2847 ticis
614 2789 791 2847 armis
835 2791 1039 2858 tectos,
1087 2787 1188 2863 qui
1231 2789 1289 2844 in
1333 2788 1721 2845 monumentis
1767 2785 2001 2843 secundi
2050 2786 2148 2844 uel
2190 2788 2356 2846 tertii
2398 2788 2494 2845 uel
2536 2790 2736 2864 quarti

434 2888 652 2947 saeculi
696 2888 973 2947 delineati
1017 2892 1176 2958 sunt,
1220 2906 1331 2964 pro
1374 2888 1530 2944 ueris
1575 2885 1936 2945 Samnitibus
1982 2885 2181 2963 habet,
2225 2887 2407 2945 ullum
2453 2890 2737 2947 excitasse

433 2990 789 3067 scrupulum.
876 2987 1293 3047 Friedlaender
1348 3006 1469 3045 rem
1526 2988 1759 3045 omnino
1827 3006 1943 3045 uon
2008 2988 2230 3063 tetigit,
2297 2988 2531 3047 Henzen
2595 3010 2734 3047 uero

434 3090 740 3167 sequentia
783 3094 1012 3148 tantum
1059 3088 1246 3166 Lipsii
1289 3088 1502 3146 uerba:
1561 3087 1836 3158 „Samnes
1880 3087 2093 3145 abiisse
2135 3087 2377 3147 uidetur
2423 3090 2485 3147 in
2528 3089 2733 3166 hoplo-

433 3190 738 3249 machum“
798 3190 975 3249 titulo
1029 3188 1227 3248 adlato
1287 3188 1425 3248 IRN
1462 3188 1603 3259 737,
1667 3188 1770 3246 ubi
1823 3193 1883 3246 ot
1938 3188 2176 3247 Samnes
2235 3193 2296 3247 et
2357 3190 2733 3266 oplomachus

432 3291 830 3362 inueniuntur,
895 3290 1259 3367 aggreditur.
1348 3289 1566 3349 Tamen
1627 3291 1710 3348 sic
1774 3308 1888 3346 non
1949 3290 2295 3366 explicatur,
2360 3293 2462 3367 qui
2512 3292 2731 3350 factum

433 3392 530 3461 sit,
598 3396 667 3449 ut
722 3411 912 3468 neque
956 3390 1270 3464 quenalis,
1335 3391 1437 3466 qui
1491 3390 1802 3476 plerosque
1860 3390 2115 3449 melioris
2174 3394 2350 3449 notae
2403 3398 2732 3451 armaturas

434 3498 734 3562 memorat,
797 3511 987 3568 neque
1030 3490 1437 3550 Artemidorus
1481 3492 1541 3549 in
1585 3490 1839 3549 indiculo
1882 3490 2279 3566 gladiatorum
2328 3486 2503 3562 (onir.
2536 3491 2588 3549 11
2627 3489 2731 3568 32)

434 3611 623 3667 neque
652 3592 864 3651 titulus
895 3590 1018 3650 CIL
1041 3590 1123 3649 VI
1154 3592 1294 3662 631,
1336 3592 1393 3647 in
1425 3611 1540 3667 quo
1571 3591 1779 3649 saltem
1810 3596 2035 3668 septem
2087 3602 2302 3667 genera
2330 3594 2733 3669 inueniuntur,

433 3711 622 3768 neque
682 3693 838 3752 ullus
909 3693 1061 3751 alius
1122 3696 1227 3750 aut
1297 3693 1550 3769 scriptor
1619 3697 1724 3751 aut
1775 3692 1989 3750 titulus
2041 3691 2328 3752 Samnites
2384 3700 2736 3753 memoraret

432 3792 813 3867 gladiatores.

635 3893 749 3953 Sed
794 3896 1094 3954 mittamus
1137 3896 1392 3965 interim,
1442 3894 1516 3953 ad
1558 3894 1718 3971 quod
1762 3914 1897 3953 mox
1941 3896 2356 3973 reuertendum
2412 3897 2580 3956 nobis
2625 3903 2735 3971 est,

434 4001 613 4072 atque
658 3995 1034 4073 inspiciamus
1078 3993 1316 4072 singula
1371 3994 1720 4054 Samnitium
1765 4015 1942 4072 arma,
2011 3995 2083 4054 de
2128 3996 2340 4072 quibus
2385 3996 2587 4056 Liuius
2632 3996 2734 4068 IX,

434 4096 535 4167 40,
568 4098 604 4154 2
637 4094 777 4154 haec
806 4102 1037 4157 narrat:
1086 4089 1531 4174 ‚‚(Samnitium)
1578 4097 1765 4155 forma
1809 4102 1934 4155 erat
1977 4098 2158 4156 scuti:
2203 4118 2491 4157 summum
2537 4099 2733 4170 latiuS,

639 4337 687 4403 1)
723 4333 833 4387 Suo
873 4337 993 4389 iure
1032 4335 1254 4389 Henzen
1305 4335 1472 4409 etiam
1511 4353 1804 4405 gemmam,
1854 4336 1910 4389 in
1956 4353 2065 4405 qua
2110 4336 2272 4405 galea
2309 4335 2644 4405 gladiatoria
2678 4342 2736 4391 et

437 4421 663 4476 litterae
704 4438 820 4493 σαμ
859 4422 1042 4492 pictae
1081 4427 1212 4477 sunt
1252 4423 1416 4492 (mus.
1451 4423 1652 4493 burgh.
1694 4423 1809 4476 tab.
1838 4421 2022 4490 V115)
2072 4422 2143 4475 ad
2199 4422 2348 4476 illam
2396 4427 2732 4475 armaturam

432 4509 607 4564 refert
646 4510 717 4580 (p.
763 4510 906 4580 108).
