3190 5037
1622 317 1693 369 34

503 498 680 554 etiam
725 494 865 553 ibid.
914 495 1095 554 2387.
1185 492 1614 570 Pugnauerunt
1667 511 1809 551 uero
1863 493 2039 551 etiam
2097 492 2252 549 inter
2306 510 2431 550 sese
2477 491 2800 561 Thraeces;

504 597 564 655 id
620 615 735 654 non
794 600 942 673 puto
998 595 1458 653 concludendum
1514 614 1643 654 esse
1693 615 1765 652 ex
1807 593 2057 652 Senecae
2113 592 2239 652 loco
2287 599 2516 669 quaest.
2564 599 2684 652 nat.
2727 593 2804 651 IV

505 698 689 775 praef.
735 701 791 768 8,
860 696 962 755 ubi
1008 679 1243 774 Lipsius
1287 697 1550 772 scripsit:
1623 700 1720 766 ‚,te
1762 695 2084 772 longiorem
2122 693 2329 752 iurabo
2372 692 2521 752 Fido
2566 695 2806 753 Annaeo

504 802 565 855 et
609 798 918 876 Apollonio
962 804 1157 875 pycta,
1213 799 1476 875 quamuis
1522 801 1817 856 staturam
1862 796 2081 856 habeas
2125 795 2366 855 Threcis
2412 817 2539 855 cum
2584 797 2807 856 Threce

505 898 849 974 compositi“
906 928 985 938 —-
1039 918 1170 956 nam
1224 898 1642 956 Friedlaender
1697 899 1850 956 uidit
1910 917 2021 975 pro
2078 897 2381 972 ‚,Threce“
2439 898 2803 957 scribendum

505 1017 630 1057 esse
711 998 924 1069 ‚,nani“
1004 999 1100 1058 uel
1167 999 1388 1076 aliquid
1462 999 1649 1058 simile
1700 1029 1799 1074 —-‚
1868 998 1969 1058 sed
2037 1019 2109 1056 ex
2170 999 2466 1057 nonnullis
2525 999 2807 1058 lucernis:

504 1099 812 1176 publicata
867 1120 1011 1160 mus.
1063 1099 1337 1174 burghes.
1391 1099 1511 1158 tab.
1566 1100 1673 1157 VII
1707 1103 1761 1172 4,
1812 1098 2283 1158 Berolinensibus
2333 1101 2472 1171 943,
2522 1099 2681 1158 5187
2703 1094 2805 1175 (P),

507 1200 819 1258 Treuerica
858 1202 1002 1272 750,
1046 1202 1107 1258 in
1153 1200 1367 1277 quibus
1411 1220 1612 1278 pugna
1653 1200 1900 1259 duorum
1933 1199 2260 1258 Thraecum
2308 1199 2602 1275 descripta
2631 1204 2723 1257 est
2741 1194 2805 1274 ¹).

704 1300 963 1359 Relicum
1028 1306 1134 1374 est,
1203 1308 1270 1359 ut
1325 1302 1397 1359 de
1450 1300 1640 1358 tribus
1696 1301 1907 1376 loquar
1959 1301 2293 1370 armaturiS‚
2369 1318 2617 1376 quarum
2690 1318 2808 1356 una

505 1398 872 1476 Samniticum,
918 1407 1146 1460 ceterae
1176 1400 1585 1460 Thraecidicae
1631 1401 1845 1460 similes
1888 1406 2026 1458 sunt
2039 1416 2053 1469 ;
2100 1420 2232 1458 nam
2262 1400 2365 1458 illa
2406 1399 2481 1458 ob
2527 1418 2651 1457 eam
2682 1418 2803 1455 rem

506 1500 922 1577 distinguenda
981 1507 1068 1561 est
1128 1522 1163 1560 a
1204 1500 1561 1561 Samnitibus
1618 1503 1877 1579 uolgaris
1933 1504 2184 1578 generis,
2252 1500 2410 1577 quod
2454 1520 2562 1577 pro
2606 1499 2806 1574 gladio

505 1599 732 1660 hastam
782 1601 986 1672 habet;
1052 1604 1111 1659 in
1156 1608 1529 1660 monumento
1575 1601 1781 1661 Scauri
1823 1601 2205 1679 Oplomachus
2248 1600 2414 1660 tertii
2455 1601 2637 1676 paris,
2706 1600 2806 1675 qui

502 1720 657 1777 genu
711 1702 925 1760 dextro
948 1712 955 1714 ’
980 1701 1148 1776 flexo,
1218 1723 1392 1761 manu
1447 1704 1687 1762 sinistra
1753 1703 1990 1761 sublata
2051 1703 2383 1760 missionem
2448 1702 2620 1778 petit,
2689 1719 2803 1758 non

507 1801 694 1859 solum
727 1807 974 1872 scutum,
1014 1803 1123 1861 sed
1151 1804 1327 1861 etiam
1359 1803 1589 1862 hastam
1620 1804 1894 1881 deposuit
1906 1799 1957 1879 2)
1989 1802 2307 1879 eodemque
2336 1800 2457 1858 telo
2486 1801 2545 1858 in
2573 1801 2807 1877 pictura

510 1900 865 1979 Pompeiana
909 1900 1221 1976 (Garrucci
1264 1902 1433 1978 graff.
1477 1903 1623 1961 XIII
1671 1903 1731 1976 2)
1796 1904 2113 1979 gladiator,
2176 1903 2279 1979 qui
2337 1904 2564 1960 scutum
2630 1899 2806 1957 habet

507 2000 912 2073 Samniticum,
956 2005 1167 2062 utitur.
1238 2004 1453 2062 Mirum
1497 2009 1605 2073 est,
1652 2022 2005 2080 quamquam
2048 2005 2108 2061 in
2152 2008 2405 2078 utroque
2434 2007 2805 2059 monumento

505 2123 621 2161 non
665 2104 886 2163 lusoria
917 2124 1135 2182 pugna,
1179 2104 1281 2163 sed
1327 2104 1654 2163 decretoria
1683 2104 1917 2182 depicta
1962 2108 2071 2175 est,
2117 2101 2449 2161 Ciceronem
2496 2100 2689 2160 dicere
2735 2100 2807 2159 de

504 2209 652 2262 orat.
700 2203 758 2260 II
803 2206 953 2263 325:
1025 2210 1242 2281 „atque
1306 2205 1588 2264 eiusmodi
1638 2206 1740 2263 illa
1805 2205 2066 2282 prolusio
2120 2202 2296 2262 debet
2360 2222 2504 2273 esse,
2571 2223 2685 2261 non
2736 2208 2806 2260 ut

504 2304 871 2377 Samnitium,
934 2308 1035 2383 qui
1079 2306 1319 2366 uibrant
1362 2306 1566 2365 hastas
1607 2312 1745 2365 ante
1788 2325 2065 2384 pugnam,
2122 2303 2335 2383 quibus
2378 2307 2439 2362 in
2482 2303 2803 2380 pugnando

504 2404 649 2462 nihil
693 2405 1005 2466 utuntur.“

699 2505 920 2566 Eadem
991 2528 1132 2567 uero
1200 2508 1375 2567 hasta
1442 2510 1656 2568 armati
1715 2508 2097 2567 inueniuntur
2157 2508 2334 2565 etiam
2393 2504 2685 2563 Thraeces
2742 2505 2799 2561 in

501 2608 751 2684 picturis
805 2608 1174 2686 Pompeianis
1224 2609 1525 2681 (Garrucc.
1576 2611 1614 2669 l.
1649 2631 1695 2669 c.
1725 2610 1847 2669 tab.
1882 2609 1968 2666 XI
2001 2611 2060 2683 2,
2104 2608 2213 2667 XV
2256 2605 2313 2683 1)
2361 2612 2419 2665 et
2462 2609 2521 2664 in
2567 2606 2800 2663 lucerna

499 2708 926 2785 Lugudunensi
972 2704 1406 2785 (Comarmand,
1453 2710 1729 2789 descript.
1774 2710 1874 2770 des
1921 2711 2190 2787 antiques
2234 2708 2306 2768 de
2350 2707 2513 2784 Lyon
2558 2705 2680 2765 tab.
2725 2704 2800 2763 1V

500 2828 555 2867 n.
600 2808 720 2866 417
767 2830 824 2887 p.
874 2812 909 2865 7
917 2804 999 2885 4).

558 2983 561 2988 .
702 2907 909 2970 Altera
964 2917 1161 2971 autem
1216 2915 1445 2987 generis
1490 2911 1858 2972 Thraecidici
1912 2917 2215 2970 armatura
2269 2929 2378 2988 pro
2436 2910 2555 2967 sica
2601 2906 2801 2984 gladio

498 3012 724 3082 utitur3
791 3012 940 3070 tales
980 3012 1337 3087 gladiatores
1380 3015 1763 3072 inueniuntur
1807 3013 1868 3070 in
1905 3011 2131 3071 duabus
2175 3011 2426 3069 lucernis
2472 3009 2799 3067 Treuericis

499 3106 583 3184 (n.
633 3112 771 3183 750,
821 3114 981 3170 2978
1028 3114 1091 3172 Ρ.
1141 3106 1317 3190 M.)³)
1364 3118 1424 3172 et
1464 3116 1523 3172 in
1571 3114 1801 3173 duobus
1856 3113 2205 3190 fragmentis
2260 3132 2292 3170 e
2335 3115 2497 3169 terra
2541 3108 2802 3185 sigillata

498 3210 691 3282 factis,
735 3232 884 3287 quae
937 3213 1270 3272 Antunnaci
1315 3219 1553 3290 reperta
1595 3216 1653 3272 in
1700 3235 1896 3272 museo
1951 3213 2297 3291 prouinciali
2341 3212 2631 3269 Bonnensi
2675 3228 2796 3267 ser-

499 3308 810 3388 uantur4);
858 3314 929 3373 cf.
977 3314 1152 3372 etiam
1186 3313 1408 3373 Kekule
1440 3314 1643 3391 Pomp.
1674 3315 1908 3373 Terrae.
1936 3314 2061 3372 tab.
2088 3314 2196 3382 41¹3
2244 3312 2305 3370 hi
2330 3330 2525 3370 omnes
2559 3312 2802 3386 praeter

498 3411 724 3487 galeam
757 3415 1060 3471 cristatam
1091 3413 1310 3473 habent
1333 3414 1502 3473 binas
1534 3434 1775 3489 magnas
1799 3434 1997 3473 ocreas
2020 3419 2081 3472 et
2105 3432 2368 3491 parmam
2395 3410 2706 3470 rotundam
2726 3403 2797 3484 ⁵).

701 3647 753 3713 1)
789 3647 888 3701 Eis
946 3647 1202 3701 addenda
1254 3652 1340 3701 est
1392 3649 1621 3702 lucerna
1671 3649 1846 3702 musei
1895 3648 2257 3717 Moguntiaci,
2315 3647 2413 3701 ubi
2462 3645 2570 3699 nisi
2629 3645 2799 3699 fallor

499 3751 654 3788 arma
693 3735 933 3788 duorum
969 3734 1276 3788 Thraecum
1315 3734 1466 3804 picta
1504 3740 1658 3789 sunt:
1699 3736 1785 3790 bis
1826 3737 1991 3790 binae
2030 3753 2225 3789 ocreae
2264 3734 2482 3804 gladius
2523 3734 2654 3788 sica.

704 3824 758 3891 2)
799 3823 973 3877 Hasta
998 3840 1108 3877 non
1134 3823 1366 3891 propria
1401 3827 1487 3876 est
1522 3823 1860 3892 adversariO,
1902 3824 2049 3892 quod
2079 3825 2139 3878 in
2175 3823 2336 3876 huius
2360 3841 2550 3888 manu,
2588 3822 2798 3891 quippe

498 3911 592 3980 qui
632 3911 1020 3981 oplomachum
1059 3911 1269 3965 uictum
1307 3911 1704 3965 interfecturus
1742 3912 1828 3970 sit,
1873 3911 1986 3965 sica
2024 3911 2332 3979 supplenda
2368 3915 2469 3965 est.

699 4001 755 4068 3)
795 3999 858 4052 In
905 3998 1083 4051 altera
1136 3997 1242 4052 iste
1297 3998 1574 4067 gladiator
1634 3999 2019 4053 aduersarium
2070 3998 2368 4058 deuictum,
2431 3998 2540 4066 qui·
2572 3998 2793 4051 Thraex

499 4085 635 4140 mihi
675 4104 791 4140 esse
833 4085 1058 4139 uidetur
1098 4114 1162 4123 —
1204 4086 1451 4140 eiusdem
1489 4085 1699 4141 formae
1737 4091 1821 4141 est
1854 4087 2070 4139 Thraex
2106 4086 2362 4140 lucernae
2403 4084 2796 4139 Vindobouen-

497 4174 571 4226 sis
610 4204 676 4212 —
716 4175 1156 4243 interempturus
1198 4179 1299 4242 est,
1336 4175 1393 4227 in
1431 4176 1607 4229 altera
1645 4175 1792 4228 solus
1832 4190 2124 4243 expressus
2163 4179 2262 4227 est.

693 4263 752 4330 4)
793 4264 855 4316 In
897 4262 1075 4316 altero
1112 4263 1160 4315 is
1198 4262 1479 4331 gladiator
1517 4281 1646 4317 cum
1681 4260 2007 4331 oplomacho
2045 4267 2274 4330 pugnat,
2315 4263 2373 4315 in
2410 4261 2590 4315 altero
2616 4260 2799 4331 figura

499 4348 804 4404 adversarii
843 4350 1027 4404 deleta
1067 4357 1164 4404 est.

698 4440 754 4506 5)
810 4438 910 4492 His
976 4440 1347 4493 monumentis
1418 4439 1709 4493 adicienda
1778 4443 1863 4492 est
1934 4439 2153 4493 lucerna
2216 4443 2328 4493 not.
2379 4444 2403 4493 1
2466 4443 2797 4506 memorata3

500 4525 793 4580 adicienda
850 4544 964 4581 esse
1021 4527 1243 4581 uidetur
1301 4528 1469 4581 etiam
1518 4527 1751 4596 pictura,
1808 4543 1972 4596 quam
2021 4526 2202 4581 Pacho
2254 4528 2312 4580 in
2366 4526 2510 4581 libro
2550 4542 2797 4595 „voyage
