3190 5037
1544 301 1613 353 39

423 496 563 535 num
619 477 777 535 illius
834 477 1058 535 formae
1111 475 1293 535 habet
1348 480 1577 534 scutum
1622 475 1930 552 leuemque
1972 475 2202 551 galeam
2249 476 2568 535 cristatam.
2655 475 2725 533 In

424 577 759 654 anaglypho
806 597 949 636 uero
994 577 1348 654 Pompeiano
1397 574 1562 649 (bull.
1608 575 1758 652 Nap.
1803 575 1886 634 IV
1926 575 2044 636 tab.
2095 570 2147 652 I)
2193 577 2391 652 quarti
2433 576 2723 652 gladiato-

422 699 551 737 rum
597 682 778 756 paris,
843 677 1000 755 quod
1058 677 1134 736 ab
1179 677 1433 736 harenae
1487 677 1771 735 ministris
1818 676 1893 735 ad
1934 695 2188 753 pugnam
2234 681 2500 753 paratur,
2570 677 2723 735 alter

422 782 721 858 gladiator
773 786 1019 859 propter
1074 781 1358 857 galerum,
1424 780 1496 838 de
1554 799 1672 856 quo
1728 799 1895 837 nemo
1945 778 2261 847 dubitabit,
2330 798 2440 855 pro
2482 779 2724 836 retiario

422 881 725 941 habendus
771 887 891 953 est;
939 883 1215 941 retiarius
1261 886 1474 952 autem,
1523 886 1592 940 ut
1637 899 1819 957 supra
1862 880 2132 952 uidimus,
2180 898 2308 937 cum
2353 884 2619 937 secutoro
2663 882 2724 936 et

422 983 791 1042 murmillone
838 987 1071 1041 tantum
1113 981 1599 1058 componebatur3
1642 981 1843 1056 itaque
1884 1000 2013 1038 cum
2056 980 2214 1038 illius
2244 979 2473 1037 retiarii
2514 979 2722 1036 aduer-

420 1084 611 1141 sarius
639 1075 684 1160 ¹)
729 1089 962 1141 secutor
1005 1102 1121 1140 non
1167 1084 1262 1160 sit,
1317 1082 1484 1140 deest
1528 1082 1679 1139 enim
1724 1100 1911 1155 ocrea,
1980 1082 2109 1139 ueri
2155 1079 2342 1138 simile
2385 1079 2479 1137 uel
2523 1078 2722 1156 potius

419 1189 643 1242 certum
690 1188 785 1242 est
827 1203 957 1242 eum
997 1182 1424 1241 murmillonem
1469 1202 1623 1254 esse;
1690 1186 1953 1239 armatus
2014 1200 2156 1240 uero
2211 1183 2261 1239 is
2319 1185 2407 1237 est
2452 1180 2722 1237 similiter

419 1289 597 1361 atque
640 1285 1039 1343 murmillones
1083 1284 1354 1341 lucernae
1399 1287 1459 1340 et
1502 1301 1715 1340 urnae:
1763 1281 1878 1339 leui
1920 1282 2108 1359 galea,
2162 1302 2314 1358 quae
2353 1281 2556 1340 faciem
2601 1297 2719 1337 non
2769 1356 2778 1363 .

417 1387 585 1461 tegit,
632 1391 693 1444 et
735 1387 945 1456 soccis3
995 1390 1221 1443 scutum
1265 1402 1381 1442 non
1427 1384 1780 1442 delineatum
1828 1388 1935 1441 est.

619 1475 733 1544 Sed
779 1493 885 1544 aut
931 1486 1105 1544 fallor
1137 1490 1243 1543 aut
1286 1486 1461 1543 etiam
1505 1485 1679 1561 plura
1717 1488 1923 1542 extant
1964 1489 2357 1553 monumenta,
2403 1486 2461 1541 in
2508 1482 2720 1559 quibus

427 1586 824 1646 murmillones
873 1587 1153 1662 descripti
1199 1592 1367 1643 sunt:
1409 1603 1660 1644 monum.
1707 1583 1910 1643 Scauri
1957 1584 2094 1660 (par
2116 1576 2242 1655 lv),
2290 1584 2483 1659 anagl.
2514 1584 2719 1661 Pomp.

419 1681 555 1763 (par
597 1680 652 1764 I)
698 1707 850 1744 mus.
895 1685 1345 1756 Winkelmauni,
1391 1685 1674 1744 Remense
1721 1680 2049 1761 (Loriquet,
2095 1685 2339 1760 mosaiq.
2384 1684 2439 1745 d.
2482 1684 2717 1743 Rheims

419 1786 544 1845 tab.
593 1786 676 1859 6),
743 1788 993 1846 fortasse
1055 1788 1231 1845 etiam
1288 1787 1526 1845 lucerna
1583 1786 1778 1845 fictilis
1834 1785 2269 1856 (Comarmand,
2327 1785 2604 1862 descript.
2659 1785 2716 1844 d.

421 1888 699 1963 antiquit.
747 1887 803 1946 d.
848 1888 1016 1962 Lyon
1063 1886 1186 1947 tab.
1238 1885 1315 1943 lv
1360 1907 1418 1945 n.
1468 1888 1584 1946 601
1634 1906 1690 1963 p.
1741 1880 1916 1962 102);
1963 1905 2161 1943 omnes
2207 1885 2312 1943 hos
2358 1884 2716 1961 gladiatores

420 1989 590 2050 unius
657 1987 1031 2064 eiusdemque
1097 2007 1223 2046 esse
1296 1993 1632 2045 armaturae
1707 1988 1898 2064 primo
1966 1986 2240 2044 docemur
2307 1994 2575 2063 aspectu3
2643 1987 2716 2045 ad

420 2107 600 2145 unum
645 2090 793 2146 enim
858 2109 1053 2147 omnes
1117 2089 1394 2146 leuiorem
1461 2087 1688 2162 galeam
1757 2087 2007 2164 clipeum
2068 2086 2385 2144 rotundum
2456 2086 2716 2162 gladium

419 2207 616 2246 soccos
696 2190 1006 2261 manicam,
1088 2189 1327 2266 plurimi
1395 2190 1656 2248 tunicam
1728 2188 1928 2246 balteo
2000 2190 2248 2245 cinctam
2306 2187 2544 2261 habent,
2609 2189 2718 2246 soli

419 2291 775 2348 monumenti
804 2289 1102 2348 Scauriani
1149 2296 1208 2347 et
1257 2289 1528 2347 lucernae
1557 2289 1919 2364 gladiatores
1950 2308 2060 2365 pro
2094 2290 2307 2353 tunicis
2336 2289 2715 2364 subligacula.

419 2391 576 2449 Haec
631 2410 771 2448 uero
824 2396 1198 2449 monumenta
1258 2391 1671 2449 diuersissimis
1727 2390 2093 2467 temporibus
2143 2389 2300 2448 facta
2353 2395 2517 2463 sunt3
2585 2408 2715 2447 nam

419 2489 774 2570 Pompeiana
802 2498 942 2551 ante
973 2512 1024 2552 a.
1059 2491 1120 2551 G.
1154 2493 1233 2551 59
1268 2487 1366 2562 (cf.
1392 2512 1451 2569 p.
1484 2492 1558 2549 14
1581 2496 1703 2550 not.
1733 2485 1795 2563 1)
1844 2495 1976 2549 orta
2016 2509 2140 2549 esse
2183 2490 2491 2561 uidentur;
2541 2493 2715 2550 musi-

410 2612 551 2650 uum
607 2613 746 2652 uero
817 2593 1255 2653 Winkelmanni
1312 2593 1383 2651 de
1448 2592 1620 2651 Rossi
1674 2592 1843 2667 (bull.
1894 2593 1949 2651 d.
1994 2591 2154 2650 arch.
2198 2594 2356 2653 crist.
2407 2590 2452 2651 V
2499 2612 2558 2669 p.
2605 2586 2714 2667 87)

412 2699 625 2769 quarto
668 2694 914 2753 ascribit
955 2695 1205 2753 saeculo.
1294 2693 1384 2753 Ob
1421 2713 1546 2751 eam
1592 2713 1716 2751 rem
1747 2698 1944 2768 atque,
1991 2693 2130 2768 quia
2173 2711 2448 2770 numerus
2481 2692 2714 2750 illorum

410 2793 568 2852 haud
620 2795 708 2853 ita
764 2815 987 2871 paruus
1040 2801 1149 2872 est,
1216 2795 1494 2852 usitatius
1547 2791 1788 2868 aliquod
1841 2811 2025 2867 genus
2070 2791 2151 2849 ibi
2205 2811 2542 2870 expressum
2588 2813 2714 2851 esse

410 2899 586 2970 put03
652 2896 820 2971 atq-ui
866 2914 938 2953 ex
992 2898 1074 2954 eis
1118 2894 1449 2971 generibuS,
1518 2893 1590 2951 de
1655 2892 1868 2969 quibus
1933 2898 2155 2950 certum
2201 2893 2480 2952 iudicium
2525 2893 2713 2951 adhuc

411 2993 594 3070 deest,
665 2997 891 3054 nullum
950 2997 1090 3054 noui
1141 2996 1417 3054 usitatius
1478 2994 1927 3067 murmillonicO,
1991 2992 2147 3069 quod
2191 3013 2612 3071 saepenumero
2655 2995 2713 3051 in

409 3098 798 3154 monumentis
851 3102 920 3155 ut
985 3100 1259 3155 occurrat
1302 3094 1486 3167 nobis,
1549 3099 1945 3171 expectamus.
2028 3093 2216 3172 Adde,
2282 3094 2440 3171 quod
2504 3093 2711 3152 horum

409 3197 805 3272 gladiatorum
839 3218 1000 3256 arma
1045 3197 1259 3255 similia
1290 3201 1429 3255 sunt
1474 3196 1651 3253 armis
1683 3195 2135 3265 murmillonum,
2185 3195 2256 3253 de
2289 3194 2501 3271 quibus
2534 3216 2714 3273 supra

409 3298 556 3358 dixi:
625 3298 837 3357 desunt
882 3300 941 3356 in
988 3299 1276 3374 utrisque,
1343 3296 1404 3355 id
1449 3297 1606 3373 quod
1650 3301 1742 3354 est
1785 3298 2121 3366 maximum,
2190 3316 2408 3356 ocreae.
2496 3297 2711 3355 Tamen

410 3418 527 3457 una
569 3419 634 3456 re
678 3400 831 3457 inter
876 3419 937 3457 se
985 3399 1362 3456 diuersissimi
1407 3418 1532 3456 esse
1574 3397 1884 3478 uidentur3
1930 3398 2142 3454 etenim
2190 3398 2274 3455 illi
2316 3398 2713 3457 murmillones

409 3500 791 3577 sexangulum
856 3499 1074 3558 habent
1136 3491 1382 3573 scutum,
1453 3497 1512 3555 hi
1571 3499 1762 3557 cuncti
1826 3498 2027 3574 clipeis
2089 3500 2300 3556 armati
2359 3504 2513 3558 sunt.
2601 3498 2713 3557 Sed

409 3602 803 3678 sarcophagus
857 3621 1038 3679 supra
1093 3600 1307 3658 allatus
1355 3599 1591 3658 exhibet
1636 3601 1811 3656 etiam
1862 3598 2080 3673 Gallos,
2151 3601 2250 3674 qui
2296 3599 2582 3657 similibus
2627 3605 2711 3657 te-

408 3707 631 3778 guntur
674 3703 896 3779 clipeiS,
959 3704 1044 3760 ita
1088 3706 1155 3759 ut
1198 3701 1629 3778 gladiatoribus
1679 3719 1914 3776 quoque
1958 3698 2141 3758 Gallis
2186 3699 2438 3776 duplicis
2481 3701 2711 3775 generis

409 3808 578 3860 scuta
619 3802 791 3861 liceat
835 3802 1100 3862 attribui.

610 3903 851 3961 Accedit
877 3903 1057 3962 aliud.
1147 3901 1425 3961 Solebant
1469 3907 1699 3959 ueteres
1732 3920 1843 3957 non
1895 3901 2082 3959 solum
2128 3899 2485 3976 gladiatores
2530 3901 2709 3977 ipsos,

407 4003 509 4062 sed
552 4005 726 4061 etiam
757 4024 920 4062 arma
959 4024 1160 4063 eorum
1191 4004 1534 4080 exprimere.
1627 4000 1718 4059 Sic
1753 4003 1813 4059 in
1849 4003 2076 4060 musiuo
2101 4000 2369 4059 Remensi
2394 3993 2711 4078 (Loriquet

407 4104 445 4162 l.
477 4125 523 4163 c.
554 4105 676 4165 tab.
707 4099 789 4180 X)
834 4110 894 4163 et
936 4105 1173 4163 lucerna
1216 4104 1382 4162 fictili
1427 4104 1822 4162 Wisibadensi
1864 4097 1945 4178 (n.
1979 4097 2171 4178 6463)
2215 4108 2518 4160 armatura
2547 4100 2707 4159 Sam·

612 4344 662 4412 1)
701 4343 837 4397 Eius
886 4344 1171 4397 sinistrum
1222 4341 1545 4395 bracchium
1599 4342 1730 4411 ungi
1782 4341 2031 4410 uidetur3
2080 4342 2271 4395 Pirata
2312 4319 2510 4395 unctor
2560 4344 2710 4394 inter

408 4431 748 4501 gladiatores
798 4436 1141 4486 memoratur
1186 4432 1242 4485 in
1282 4432 1449 4485 titulo
1489 4431 1605 4485 CIL
1635 4430 1873 4501 V16313
1922 4432 1991 4487 cf.
2030 4430 2236 4485 Friedl.
2274 4449 2328 4500 p.
2366 4431 2490 4484 355.
2565 4430 2709 4484 Puer

409 4536 536 4574 crus
576 4522 860 4575 sinistrum
900 4521 1082 4576 fasciis
1125 4522 1494 4591 circumligat.
