3190 5037
1575 308 1642 361 12

457 486 736 545 memoria
792 486 1091 545 inuenitur
1144 487 1320 545 etiam
1377 485 1439 543 in
1488 484 1701 544 Isidori
1753 484 2075 561 originibus
2127 484 2323 544 XVIII
2368 486 2480 545 43:
2544 504 2753 556 „scena

455 593 653 647 autem
715 591 845 646 erat
902 587 1064 647 locus
1108 588 1262 645 infra
1304 585 1605 646 theatrum
1647 588 1708 645 in
1754 586 2241 655 modum-domus
2285 588 2577 647 instructa
2620 606 2749 646 cum

455 689 710 766 pulpito,
756 689 879 765 qui
918 688 1255 765 pulpitus
1298 688 1617 746 orcistra
1662 687 2004 759 uocabatur,
2048 688 2149 747 ubi
2189 687 2511 747 cantabant
2553 687 2754 745 comici

454 789 668 864 tragici
712 793 889 865 atque
939 788 1236 847 saltabant
1278 789 1552 848 istriones
1597 793 1659 848 et
1711 789 1906 848 mimi“
1955 795 2014 849 et
2046 790 2156 850 44:
2221 789 2511 859 „orcistra
2552 792 2751 847 autem

454 890 720 968 pulpitae
772 894 901 947 erat
955 908 1159 948 scenae
1213 889 1310 948 ubi
1356 889 1606 948 saltator
1662 910 1840 968 agere
1888 895 2089 968 posset
2145 894 2249 948 aut
2299 888 2417 948 duo
2470 889 2629 948 inter
2690 909 2753 947 se

454 978 798 1069 disputare“
843 995 953 1050 cet.
1044 991 1252 1069 Itaque
1282 997 1387 1051 aut
1426 996 1742 1069 utrumque
1772 997 1877 1051 aut
1917 998 2188 1052 neutrum
2228 992 2573 1069 scriptorem
2614 989 2753 1048 Sue-

454 1094 618 1150 tonio
663 1112 833 1151 usum
875 1112 1002 1152 esse
1044 1092 1505 1152 concludendum
1549 1093 1809 1152 uidetur.

657 1192 1007 1252 Monendum
1040 1200 1130 1253 est
1170 1200 1479 1272 praeterea
1521 1193 1759 1253 solitum
1804 1213 1931 1253 esse
1960 1192 2300 1253 Suetonium
2342 1212 2473 1252 cum
2503 1193 2752 1251 aliorum

456 1299 760 1352 auctorum
804 1299 930 1353 tum
986 1300 1291 1372 poetarum
1345 1297 1655 1372 utriusque
1716 1296 1909 1371 gentis
1964 1294 2173 1353 afferre
2235 1292 2436 1365 uerba,
2502 1313 2753 1370 quorum

456 1397 811 1454 auctoritate
853 1415 961 1454 sua
1001 1396 1160 1455 dicta
1202 1396 1589 1456 confirmaret.
1682 1395 1774 1455 Sic
1815 1398 1876 1454 in
1921 1396 2170 1455 historia
2213 1395 2436 1459 ludicra
2464 1397 2753 1456 Stesicho-

455 1517 558 1556 rus
603 1495 893 1571 Vergilius
962 1488 1059 1574 (cf.
1094 1497 1342 1556 Tertull.
1387 1498 1444 1559 d.
1490 1517 1579 1574 sp.
1624 1519 1674 1556 c.
1719 1496 1782 1570 9)
1813 1496 2097 1556 Horatius
2141 1493 2278 1572 (sat.
2323 1498 2371 1569 I,
2423 1499 2478 1570 7,
2526 1499 2631 1571 2ος
2677 1499 2752 1558 cf.

456 1597 616 1657 Suet.
671 1598 745 1655 fr.
807 1598 924 1656 196
968 1594 1110 1674 Rff.)
1167 1598 1331 1657 allati
1392 1604 1580 1670 erant,
1634 1598 1893 1658 Lucilius
1953 1617 2095 1657 uero
2152 1605 2309 1659 certe
2360 1601 2419 1658 in
2473 1599 2625 1658 libro
2680 1600 2753 1660 de

455 1698 600 1757 uiris
664 1697 994 1758 illustribus
1049 1694 1190 1775 (Rff.
1246 1719 1306 1776 p.
1356 1701 1388 1758 7
1443 1705 1503 1759 et
1547 1695 1673 1775 21),
1738 1701 1825 1758 ita
1875 1704 1945 1758 ut
2000 1699 2197 1776 aliquo
2250 1701 2379 1758 iure
2435 1706 2753 1777 utrumque

454 1799 618 1857 illum
680 1818 916 1858 uersum
976 1799 1186 1858 Lucilii
1245 1819 1280 1857 a
1322 1798 1603 1860 Suetonio
1661 1801 1737 1859 ad
1793 1799 2169 1860 scholiastam
2211 1802 2548 1878 peruenisse
2610 1801 2754 1860 mihi

454 1901 662 1959 uidear
704 1900 1074 1960 contendere.

655 2002 777 2059 Iam
837 2021 978 2060 uero
1030 2001 1172 2061 licet
1221 2004 1483 2061 conicere
1542 2003 1720 2061 etiam
1774 2002 1889 2065 alia
1942 2002 2162 2062 scholia
2218 2000 2293 2060 ad
2345 2020 2440 2059 res
2496 1999 2753 2059 ludicras

458 2103 807 2180 spectantia,
848 2102 920 2160 de
963 2122 1208 2179 quorum
1253 2103 1481 2179 origine
1525 2110 1702 2162 antea
1730 2123 1845 2162 non
1887 2105 2085 2180 potuit
2126 2103 2393 2172 iudicari,
2439 2121 2511 2159 ex
2551 2099 2751 2159 eodem

458 2202 719 2263 Suetonii
748 2201 899 2261 libro
930 2223 1214 2262 manasse.
1304 2203 1369 2261 In
1399 2223 1601 2262 eorum
1634 2223 1874 2263 numero
1903 2208 1996 2263 est
2023 2202 2283 2263 scholion
2329 2202 2404 2260 ad
2436 2201 2571 2260 VIII
2601 2203 2750 2260 200:

626 2304 897 2362 mirmillo
956 2310 1287 2365 armaturae
1344 2304 1601 2364 Gallicae
1656 2324 1861 2364 nomen
1916 2324 1989 2363 ex
2042 2306 2199 2382 pisce
2251 2304 2522 2375 inditum,
2587 2304 2752 2363 cuius

623 2409 819 2482 imago
861 2408 921 2464 in
964 2407 1133 2484 galea
1173 2405 1418 2482 fingitur
2723 2406 2728 2411 ’

456 2507 527 2567 de
579 2512 882 2568 armatura
924 2506 1166 2580 Gallica,
1237 2527 1389 2585 quae
1440 2505 1635 2567 tribus
1676 2508 1798 2567 fere
1846 2511 1985 2567 ante
2027 2507 2296 2578 saeculis,
2341 2509 2410 2564 ut
2450 2504 2605 2564 infra
2650 2504 2750 2563 de-

457 2609 929 2683 monstrabimus,
1002 2610 1116 2667 iam
1169 2614 1301 2667 erat
1351 2610 1629 2668 extincta.
1719 2607 1869 2667 Sunt
1910 2610 2160 2669 fortasse
2203 2607 2417 2686 quibus
2461 2627 2535 2665 ex
2576 2607 2754 2665 Festo

456 2710 587 2787 ipso
631 2717 930 2789 sumptum
972 2730 1097 2769 esse
1139 2710 1432 2782 uideatur,
1478 2713 1580 2786 qui
1623 2730 1683 2787 p.
1732 2711 1849 2769 285
1884 2709 1963 2769 M.
2007 2704 2525 2786 (murmillonicum
2567 2727 2754 2784 genus

457 2817 795 2872 armaturae
838 2811 1123 2877 Gallicum
1170 2818 1261 2871 est
1299 2813 1529 2890 ipsique
1572 2812 1968 2871 murmillones
2012 2816 2149 2871 ante
2177 2810 2332 2870 Galli
2377 2807 2754 2887 appellaban-

458 2919 576 2984 tur,
623 2915 679 2971 in
713 2933 961 2990 quorum
1005 2914 1185 2990 galeis
1214 2914 1388 2991 piscis
1433 2912 1656 2990 effigies
1699 2914 1893 2971 inerat
1910 2909 1957 2986 ¹)
1999 2911 2174 2988 plane
2222 2911 2422 2970 eadem
2449 2910 2610 2980 dicit,
2655 2930 2754 2968 ne-

457 3033 571 3091 que
633 3014 765 3073 illos
831 3016 1152 3074 manifestis
1219 3017 1582 3092 argumentis
1649 3033 1889 3092 possum
1950 3015 2233 3075 refellere.
2340 3014 2558 3072 Tamen
2625 3032 2753 3071 cum

457 3116 601 3174 alibi
645 3116 803 3192 quod
847 3117 1026 3175 sciam
1068 3116 1365 3177 quenalis
1409 3122 1833 3176 commentator
1867 3116 2047 3176 Festo
2084 3136 2202 3176 non
2246 3117 2325 3176 sit
2364 3135 2503 3176 usus
2547 3134 2754 3191 neque,

457 3224 527 3277 ut
561 3219 673 3275 iam
717 3219 860 3289 dixi,
906 3219 1121 3278 multos
1151 3224 1419 3277 auctores
1449 3218 1792 3295 compilasse
1825 3218 2116 3295 uideatur,
2161 3217 2333 3277 aliter
2381 3217 2455 3276 de
2494 3216 2597 3275 illo
2627 3216 2756 3274 loco

458 3320 832 3378 iudicandum
886 3321 1016 3379 erit.
1102 3318 1389 3395 Equidem
1437 3318 1599 3377 Festi
1652 3318 1840 3377 locum
1895 3317 2265 3377 referendum
2318 3337 2445 3376 esse
2486 3321 2635 3394 puto
2679 3315 2755 3373 ad

457 3419 643 3478 Sinnii
686 3419 989 3496 Capitonis
1031 3419 1243 3477 librum
1291 3420 1363 3479 de
1407 3420 1779 3498 spectaculis,
1833 3439 2006 3497 quem
2047 3440 2083 3478 a
2125 3419 2327 3477 Verrio
2372 3418 2579 3477 Flacco
2624 3416 2754 3475 aliis

457 3520 599 3579 locis
647 3513 733 3598 (p.
770 3522 906 3591 177,
954 3521 1094 3591 326,
1141 3518 1291 3596 364)
1334 3526 1714 3598 usurpartum
1762 3540 1887 3579 esse
1927 3523 2137 3580 scimus
2184 3515 2282 3594 (cf.
2311 3518 2489 3577 Mart.
2535 3516 2758 3574 Hertzii

458 3620 529 3678 de
559 3619 756 3680 Sinnio
799 3641 858 3698 p.
896 3623 968 3678 18
1016 3617 1194 3699 sqq.).
1281 3622 1547 3680 Eundem
1587 3641 1732 3681 uero
1763 3620 2046 3694 Sinnium,
2090 3621 2192 3699 qui
2237 3621 2460 3697 primus
2507 3617 2580 3675 de
2623 3636 2749 3676 are-

458 3741 567 3779 nae
611 3740 845 3799 quoque
886 3722 1235 3800 spectaculis
1291 3723 1594 3800 scripsisse
1652 3722 1893 3783 uidetur
1911 3720 1986 3797 ²),
2044 3718 2141 3799 (cf.
2198 3720 2464 3780 Lactant.
2525 3716 2602 3777 VI
2648 3713 2756 3793 20)

662 3851 714 3922 1)
752 3850 1026 3906 Secuntur
1054 3850 1202 3920 apud
1231 3850 1458 3905 Festum
1496 3850 1630 3906 haec
1669 3850 1870 3906 uerba:
1912 3851 2053 3919 „hoc
2089 3851 2277 3904 autem
2315 3864 2492 3919 genus
2529 3863 2753 3917 pugnae

456 3940 777 3994 institutum
820 3940 1041 3994 uidetur
1078 3957 1109 3993 a
1150 3938 1390 4008 PittacO,
1438 3956 1547 3994 uno
1594 3956 1661 3993 ex
1702 3943 1914 4009 septem
1951 3937 2311 4008 sapientibus,
2350 3937 2448 4006 qui
2486 3934 2754 3990 adversus

454 4028 804 4097 Phrynonem
844 4028 1212 4082 dimicaturus
1248 4031 1481 4098 propter
1517 4028 1931 4083 controuersias
1967 4026 2180 4093 finium,
2234 4042 2372 4095 quae
2408 4027 2568 4079 erant
2604 4023 2751 4077 inter

458 4117 676 4170 Atticos
715 4122 774 4169 et
806 4116 1167 4184 Mytilenaeos
1205 4121 1325 4170 rete
1360 4115 1578 4172 occulte
1615 4118 1731 4171 lato
1764 4115 2060 4184 impediuit
2095 4113 2501 4182 Phrynonem“.

658 4207 711 4273 2)
749 4203 889 4257 Nam
929 4203 1127 4272 Varro,
1164 4206 1320 4260 cuius
1358 4206 1707 4274 temporibus
1746 4220 1975 4258 munera
2011 4201 2260 4257 nondum
2305 4205 2585 4272 priuatam
2621 4200 2756 4253 ami-

457 4296 646 4345 serant
682 4296 957 4361 naturam,
1003 4310 1338 4361 quamquam
1377 4295 1492 4346 sine
1530 4292 1702 4347 dubio
1741 4309 1934 4347 eorum
1971 4290 2176 4360 passim
2223 4289 2359 4344 fecit
2394 4289 2752 4351 mentionem,

456 4383 640 4433 tamen
677 4381 903 4433 uberius
941 4381 1009 4435 de
1046 4380 1123 4435 eis
1160 4382 1217 4434 in
1253 4382 1657 4450 antiquitatum
1695 4380 1856 4435 libris
1893 4397 2005 4432 non
2033 4379 2167 4448 egit.
2242 4377 2501 4432 Merkelii
2538 4381 2758 4430 senten·

457 4468 536 4520 tia
576 4467 669 4535 (cf.
710 4467 869 4522 Ouid.
906 4468 1036 4522 fast.
1075 4467 1248 4538 praef.
1287 4487 1340 4538 p.
1385 4468 1598 4540 CLXI),
1637 4470 1732 4537 qui
1771 4470 1936 4538 putat
1973 4467 2031 4520 in
2068 4465 2262 4520 eodem
2301 4464 2381 4519 IX
2417 4464 2558 4519 libro
2598 4465 2654 4517 et
2693 4461 2760 4515 de

457 4555 601 4610 ludis
638 4556 978 4611 circensibus
1022 4561 1080 4611 et
1118 4556 1187 4611 de
1223 4557 1544 4611 muneribus
1585 4575 1712 4612 eum
1749 4573 1867 4612 esse
1903 4555 2170 4619 locutum,
2210 4552 2502 4611 falsissima
2537 4553 2635 4606 est.
