3190 5037
1497 331 1568 385 55

381 509 747 591 σεκουιώρων
832 497 1126 589 α’ρισῑερὸς
1182 497 1364 585 μόνος
1421 538 1505 548 -
1572 507 1824 567 fortasse
1894 505 2260 565 scribendum
2322 510 2413 563 est
2476 505 2689 565 collato

385 617 705 676 Herodian.
752 614 779 671 I
824 615 899 672 15
948 618 1098 670 extr.
1141 603 1533 687 μονομάχους,
1585 608 1747 686 quod
1792 609 1908 668 iam
1952 607 2330 667 Casaubonus
2375 610 2562 665 suasit
2607 637 2687 647 —-

385 712 624 794 νικήσας
687 708 995 782 δωδεκάκις
1041 700 1209 787 οἶμαι
1251 704 1486 787 χιλίους,
1554 709 1861 786 intelleges
1926 709 2040 766 illis
2099 707 2422 786 Lampridii
2488 708 2686 766 uerbis

385 818 537 876 idem
587 816 818 875 narrari
860 819 1040 889 atque
1084 811 1283 870 uerbis
1329 810 1532 869 Dionis
1588 813 1650 867 et
1694 808 1948 868 eiusdem
1997 808 2320 886 Lampridii
2364 829 2412 866 c.
2463 810 2559 881 17,
2610 810 2689 866 10

390 914 630 995 (colossi
673 921 869 975 autem
916 918 1095 992 caput
1139 912 1413 990 dempsit,
1458 911 1618 988 quod
1662 910 1912 969 Neronis
1958 915 2131 982 esset,
2178 930 2245 969 ac
2291 929 2459 969 suum
2506 911 2689 987 impo-

388 1020 508 1078 suit
564 1023 623 1077 et
676 1016 914 1075 titulum
964 1034 1124 1073 more
1169 1014 1343 1072 solito
1390 1012 1760 1090 subscripsit,
1820 1013 1908 1070 ita
1953 1015 2021 1069 ut
2065 1011 2230 1070 illum
2274 1011 2688 1087 gladiatorium

389 1127 450 1178 et
516 1118 913 1176 effeminatum
980 1137 1097 1175 non
1164 1111 1712 1192 praetermitteret),
1771 1113 2117 1190 quibuscum
2183 1113 2359 1190 plane
2421 1114 2692 1189 congruit

387 1218 758 1277 Herodianus
822 1217 847 1274 I
896 1218 970 1275 15
1036 1222 1219 1275 extr.:
1297 1216 1399 1273 τοῦ
1463 1211 1526 1273 δὲ
1589 1209 1861 1292 μεγίστου
1920 1210 2247 1292 ἀγάλματος
2305 1208 2688 1285 κολοσσιαίου,

386 1311 524 1396 ὅπερ
589 1317 815 1394 σέβουσι
859 1311 1137 1393 Ῥωμαῖοι
1181 1310 1377 1372 εἰκόνα
1422 1309 1603 1390 φέρον
1664 1308 1842 1397 ἡλίου,
1906 1310 2015 1390 τὴν
2070 1310 2325 1393 κεφαλὴν
2387 1299 2692 1390 οἷποτεμών

383 1413 655 1495 ἱδρύσατο
697 1411 910 1476 ἑαυτοῦ
955 1410 1310 1493 ὑπογράψας
1340 1411 1413 1492 τῆ
1459 1409 1628 1490 βάσει
1663 1406 1811 1496 [οὐχ]
1857 1410 1927 1485 ἃς
1964 1409 2220 1473 εἰώθασι
2260 1411 2554 1490 βασιλικὰς
2593 1412 2693 1473 καὶ

387 1507 689 1601 πατρῴους
730 1511 1121 1596 προςηγορίας,
1166 1511 1294 1574 ἀντὶ
1335 1512 1399 1574 δὲ
1444 1512 1829 1593 Γερμανικοῦ·
1873 1510 2247 1594 μονομάχους
2278 1510 2498 1593 χιλίους
2529 1509 2690 1593 νική-

390 1636 606 1689 σαντος.

593 1717 762 1790 Quod
814 1719 888 1776 ad
943 1738 1063 1776 rem
1133 1737 1416 1777 summam
1460 1719 1693 1790 attinet,
1758 1722 1880 1776 tres
1931 1719 2247 1796 scriptores
2294 1719 2691 1792 consentiunt3

394 1826 590 1880 tamen
636 1820 784 1879 alius
829 1820 944 1878 alia
990 1819 1172 1889 addit,
1237 1820 1324 1877 ita
1368 1824 1436 1877 ut
1485 1808 1810 1877 coniunctis
1848 1818 2078 1876 demum
2124 1821 2223 1890 eis,
2284 1840 2435 1896 quae
2476 1820 2691 1895 singuli

394 1926 659 1997 narrant,
704 1925 886 1979 totam
933 1916 1068 1978 rem*
1101 1920 1274 1997 plane
1321 1921 1610 1995 integram
1655 1919 1889 1979 habeaS.
1972 1920 2169 1997 Ipsum
2213 1940 2422 1980 nomen
2466 1921 2689 1995 gladia-

393 2023 612 2081 torium
658 2021 864 2080 melius
914 2023 1121 2079 ceteris
1161 2016 1359 2097 Di01),
1425 2022 1565 2098 quia
1631 2020 1777 2079 illud
1823 2015 2115 2097 ἀριστερός
2165 2018 2271 2092 (τε
2319 2038 2554 2090 scaeua;
2616 2020 2689 2079 cf.

393 2121 575 2182 Henz.
617 2121 760 2180 bull.
805 2121 860 2181 d.
906 2122 1044 2182 inst.
1090 2123 1248 2180 1879
1285 2142 1344 2199 p.
1378 2116 1485 2199 47)
1534 2120 1751 2189 adiecit
1793 2126 1871 2190 et,
1916 2123 2069 2180 sicut
2113 2123 2170 2178 in
2215 2122 2405 2179 titulis
2450 2121 2539 2196 fit,
2584 2141 2689 2179 nu·

396 2241 619 2280 merum
696 2223 1075 2279 uictoriarum
1141 2221 1426 2297 disiungit
1498 2242 1532 2279 a
1598 2221 1796 2280 uerbis
1863 2214 2236 2298 πρωτόπαλος
2302 2216 2688 2299 σεκουτώρων,

390 2322 629 2381 uidetur
689 2322 910 2380 referre
974 2328 1153 2399 atque
1220 2322 1428 2381 docere
1492 2322 1819 2399 Lampridii
1880 2322 2066 2382 locum
2138 2329 2478 2401 corruptum
2544 2343 2691 2382 esse.

386 2423 653 2490 Accedit,
724 2423 880 2500 quod
944 2443 1218 2483 numerus
1275 2444 1605 2501 pugnarum
1659 2444 1773 2481 non
1832 2443 1962 2483 cum
2023 2444 2091 2482 eo
2145 2426 2453 2497 consentit,
2517 2445 2691 2502 quem

388 2532 630 2603 praeter
660 2525 905 2584 Dionem
936 2528 1117 2585 ceteri
1156 2525 1406 2585 tradunt
1440 2530 1774 2603 scriptores,
1864 2516 2128 2604 Vtraque
2158 2526 2474 2585 difficultas
2510 2528 2691 2585 solui-

389 2631 511 2702 tur,
579 2627 628 2684 si
684 2627 982 2686 lenissima
1033 2628 1357 2686 mutatione
1414 2627 1754 2686 scribimus:
1821 2629 2170 2705 „sescenties
2226 2630 2471 2685 uictor
2518 2627 2689 2704 palus

393 2726 620 2799 primus
663 2727 1070 2799 secutorum“;
1116 2728 1389 2786 facillime
1420 2730 1569 2786 enim
1613 2729 1775 2786 uocis
1822 2725 2091 2799 „uictor“
2131 2728 2365 2786 litterae
2395 2733 2690 2810 extrema-e

399 2830 645 2902 propter
712 2828 1060 2885 antecedens
1130 2825 1522 2902 ‚‚sescenties“
1591 2830 1886 2905 corrumpi
1950 2833 2226 2906 poterant
2290 2829 2351 2886 in
2413 2822 2690 2901 „uicies“.

398 2923 796 3000 „Sescenties“
840 2947 984 2986 uero
1028 2948 1302 2988 numerus
1347 2949 1474 2987 cum
1522 2929 1686 2988 nullo
1735 2928 1876 2987 alibi
1919 2928 2142 2987 tradito
2186 2934 2429 3006 pugnat.

595 3026 713 3086 Iam
771 3029 1191 3106 omniaplana
1248 3034 1384 3088 sunt
1438 3049 1626 3106 neque
1681 3030 1803 3088 ulla
1857 3049 1951 3087 res
2009 3028 2227 3108 obstat,
2293 3030 2434 3106 quin
2496 3049 2693 3087 omnes

391 3126 756 3203 gladiatores
800 3133 936 3205 post
972 3131 1303 3187 tirocinium
1336 3131 1393 3187 in
1435 3131 1581 3189 duas
1629 3130 1848 3189 diuisos
1877 3149 2002 3188 esse
2046 3133 2245 3207 partes
2277 3131 2692 3201 existimemus,

390 3229 451 3286 in
501 3230 723 3305 primos
768 3233 829 3286 et
872 3230 1156 3289 secundos
1200 3231 1367 3308 palos
1412 3252 1514 3290 seu
1571 3231 1774 3301 rudes;
1843 3232 2053 3289 tertius
2107 3250 2249 3289 uero
2300 3229 2469 3307 palus
2519 3260 2590 3268 —
2643 3229 2694 3286 is

393 3331 543 3387 enim
599 3334 844 3407 propter
904 3332 1156 3408 primum
1202 3338 1261 3389 et
1304 3333 1621 3391 secundum
1667 3336 2011 3408 expectatur
2082 3362 2153 3371 --
2224 3330 2475 3406 quodam
2521 3329 2694 3388 modo

390 3431 506 3488 tiro
553 3437 660 3502 est,
706 3431 842 3489 licet
885 3433 970 3490 ita
1015 3433 1344 3510 appellatos
1392 3453 1519 3491 esse
1558 3435 1779 3491 tirones
1825 3433 1984 3490 nullo
2028 3430 2295 3490 firmetur
2338 3431 2692 3490 testimonio·

598 3575 652 3645 1)
691 3575 897 3629 Tamen
935 3594 1199 3629 numerus
1240 3578 1618 3644 uictoriarum,
1659 3595 1784 3632 cum
1822 3583 1878 3631 ct
1897 3576 2249 3630 Herodianus
2285 3575 2323 3628 l.
2366 3593 2410 3630 c.
2452 3580 2508 3630 et
2532 3576 2694 3629 Lam·

390 3662 613 3731 pridius
649 3680 694 3717 c.
739 3665 819 3731 12,
863 3667 925 3717 11
966 3664 987 3733 (
994 3665 1161 3732 „item
1201 3671 1397 3735 postea
1434 3670 1653 3721 tantum
1694 3666 2135 3735 gladiaturarum
2180 3664 2340 3732 [haec
2383 3664 2693 3717 emendatio

393 3750 735 3805 Buechelero
773 3751 1033 3822 debetur]
1083 3753 1384 3809 confecisse
1422 3755 1510 3809 uel
1560 3755 1727 3809 uictis
1766 3754 2009 3808 retiariis
2047 3754 2137 3807 uel
2177 3753 2395 3820 occisiS,
2442 3755 2502 3803 ut
2544 3752 2693 3805 mille

391 3839 702 3907 palmarum
733 3841 915 3909 [codd.
956 3858 1149 3896 uocem
1187 3848 1316 3911 post
1355 3843 1646 3910 „tantum“
1684 3841 1984 3912 collocant]
2024 3840 2413 3911 contingeret“
2452 3840 2487 3893 i.
2516 3857 2563 3895 e.
2592 3840 2694 3894 sub

393 3930 560 3995 patre
597 3930 875 3998 pugnauit
910 3932 1208 3984 trecenties
1248 3931 1497 4000 sexagies
1535 3930 1829 3999 quinquies
1869 3930 1937 4001 [c.
1979 3932 2062 3994 12,
2106 3929 2216 3999 10],
2255 3932 2448 3997 postea
2484 3931 2691 3998 septin-

395 4015 609 4084 genties
648 4017 840 4071 tricies
889 4018 1178 4087 quinquies
1215 4018 1284 4089 [c.
1325 4022 1410 4086 11,
1450 4019 1562 4089 12])
1617 4023 1675 4073 et
1726 4019 1899 4073 Iulius
1947 4018 2292 4087 Capitolinus
2348 4017 2404 4070 in
2460 4017 2693 4082 uita.M.

394 4102 609 4156 Aurelii
647 4121 693 4158 c.
726 4107 807 4174 19,
833 4107 867 4158 4
906 4105 1298 4176 ([Gommodus]
1337 4108 1489 4161 mille
1529 4125 1706 4177 prope
1755 4124 1969 4177 pugnas
2007 4107 2227 4176 publice
2265 4106 2472 4175 populo
2514 4105 2694 4174 inspe-

393 4194 582 4245 ctante
630 4193 992 4262 gladiatorias
1028 4197 1340 4265 imperator
1377 4196 1656 4265 exhibuit)
1716 4195 1784 4249 de
1841 4196 1990 4250 mille
2046 4197 2346 4264 loquantur
2390 4194 2605 4264 palmis,
2664 4212 2695 4246 a

394 4279 576 4333 Dione
616 4297 725 4333 non
774 4287 927 4337 recte
964 4285 1259 4338 memoriae
1306 4284 1549 4337 traditus
1602 4289 1703 4348 est,
1751 4287 1815 4337 ut
1854 4284 2208 4338 Casaubonus
2247 4286 2400 4337 recte
2438 4283 2696 4338 coniecit.

391 4366 580 4421 Etiam
615 4368 792 4439 οἶμαι,
826 4372 1149 4439 praesertim
1179 4389 1303 4427 cum
1341 4371 1413 4424 de
1449 4372 1832 4440 inscriptione,
1870 4373 2025 4426 cuius
2052 4371 2226 4425 uerba
2261 4376 2468 4424 cetera*
2487 4372 2695 4440 optime

394 4455 723 4510 recordatus
751 4462 894 4512 esset
920 4461 1179 4530 scriptor,
1217 4465 1497 4530 ageretur,
1524 4463 1852 4529 corruptum
1880 4477 1994 4514 esse
2021 4458 2323 4513 Buecheler
2348 4475 2434 4512 me
2461 4460 2694 4513 monuit.

388 4542 579 4598 Aliter
616 4544 888 4601 iudicauit
925 4547 1199 4602 Kreutzer
1241 4548 1294 4602 d.
1334 4548 1635 4603 Herodian.
1674 4547 1895 4602 dissert.
1935 4549 2207 4603 Bonnens.
2250 4549 2384 4601 1881
2424 4565 2478 4616 p.
2506 4548 2592 4601 36.
