3190 5037
1540 321 1613 374 4¹7

423 505 601 558 uacat
652 499 874 557 honore
926 515 1115 573 neque
1175 498 1361 555 minus
1419 501 1612 567 uacat,
1681 499 1731 555 si
1777 497 1845 567 is,
1913 499 2005 555 cui
2049 496 2120 555 de
2165 498 2289 555 uita
2329 497 2722 574 gladiatorum

421 600 514 658 ius
556 605 647 658 est
692 598 1040 657 decernendi
1065 591 1132 672 ¹),
1198 598 1412 655 uictori
1475 598 1747 674 imperat,
1808 602 1875 656 ut
1934 598 2330 656 aduersarium
2375 597 2721 675 interficiat3

430 821 744 891 tellegenda
782 825 883 889 est,
923 822 1053 889 quia
1082 821 1255 889 gladii
1279 821 1337 873 in
1378 821 1525 875 uitro
1554 838 1666 875 non
1695 821 1832 890 picti
1871 822 2049 889 sunt);
2100 820 2170 875 cf.
2209 822 2380 874 etiam
2416 821 2628 889 palmas
2665 822 2724 874 in

424 908 649 962 lucerna
691 910 875 978 aliqua
917 908 1259 963 Berolinensi
1299 913 1357 962 et
1395 927 1524 962 uase
1566 908 1927 979 Lugdunensi
1968 909 2141 977 (Cayl.
2171 927 2277 964 rec.
2306 909 2476 963 d’ant.
2503 910 2580 966 VI
2607 911 2721 963 tab.

429 997 532 1051 107
552 1019 624 1045 =
650 998 920 1065 Boissieu‚
948 999 1113 1052 inser.
1140 997 1193 1051 d.
1221 997 1379 1067 Lyon
1404 1015 1457 1066 p.
1485 998 1614 1066 464)
1649 1015 1678 1051 e
1705 1003 1853 1051 terra
1878 1002 2039 1051 cocta
2074 998 2235 1052 factis
2274 1000 2442 1066 atque
2478 996 2535 1049 in
2574 997 2724 1049 uitro

424 1086 843 1156 Francogallico
889 1086 959 1153 (F
964 1085 1217 1154 roehner,
1275 1087 1516 1140 verrerie
1559 1091 1673 1140 ant.
1720 1088 1832 1141 tab.
1874 1090 1961 1155 21,
2001 1089 2106 1154 92),
2163 1088 2364 1155 quibus
2422 1088 2553 1140 bina
2608 1086 2722 1155 gla-

427 1175 706 1229 diatorum
758 1175 916 1244 paria
963 1174 1362 1243 distinguntur.
1438 1175 1548 1229 Sed
1595 1177 1762 1229 etiam
1814 1178 2036 1229 coronis
2095 1177 2394 1230 honoratos
2456 1193 2570 1229 esse
2609 1176 2723 1245 gla-

428 1263 673 1317 diatores
724 1263 1110 1317 demonstrant
1159 1268 1215 1318 et
1253 1263 1363 1316 duo
1404 1264 1554 1317 tituli
1612 1265 1807 1317 Graeci
1856 1265 1972 1318 CIG
2009 1265 2148 1317 2164
2188 1264 2279 1335 (ef.
2321 1283 2373 1333 p.
2414 1267 2522 1334 41),
2564 1266 2722 1326 2889,

430 1353 524 1404 ubi
562 1352 795 1421 singulis
833 1351 1237 1420 gladiatoribus
1275 1370 1536 1406 numerus
1584 1354 1952 1407 uictoriarum
1992 1356 2047 1406 et
2082 1369 2414 1407 coronarum
2459 1351 2723 1420 (exempli

424 1441 610 1510 gratia
646 1458 698 1494 νι
736 1444 771 1492 ἕ
807 1456 873 1492 στ
912 1441 966 1509 ε’)
1005 1438 1230 1492 additus
1271 1444 1370 1507 est,
1409 1444 1465 1493 et
1501 1447 1860 1495 monumenta
1898 1441 2107 1495 Graeca
2149 1441 2308 1494 haee:
2347 1439 2525 1508 anagl.
2570 1438 2724 1492 Tral-

423 1528 630 1581 lianum
671 1527 946 1595 (Fellows,
989 1527 1195 1581 discov.
1235 1528 1293 1580 in
1329 1527 1501 1595 Lycia
1537 1545 1591 1596 p.
1634 1529 1742 1597 18),
1794 1529 1850 1580 in
1889 1545 1998 1596 quo
2041 1545 2149 1581 una
2185 1527 2385 1596 palma,
2433 1544 2527 1580 sex
2570 1543 2724 1580 coro·

424 1633 528 1670 nae
567 1617 952 1681 inueniuntur,
999 1615 1180 1684 anagl.
1221 1633 1252 1668 a
1290 1614 1597 1669 Iaetronnio
1635 1616 1843 1670 editum
1884 1616 2041 1681 (Rev.
2083 1617 2233 1670 arch.
2272 1615 2350 1667 111
2388 1613 2569 1682 [1846]
2608 1616 2723 1669 tab.

425 1704 536 1774 46),
577 1705 671 1759 ubi
710 1723 910 1759 nouem
951 1720 1192 1759 coronae
1219 1707 1475 1772 spectant
1512 1704 1583 1758 ad
1623 1706 2039 1774 epigrammatis
2074 1704 2248 1758 uerba
2281 1703 2462 1764 (Kaib.
2486 1720 2539 1755 n.
2565 1702 2722 1771 291):

424 1789 669 1852 ἔνιέάκις
709 1787 1029 1851 πυκτεύσας.
1105 1793 1186 1845 Ex
1236 1792 1320 1846 his
1367 1793 1548 1846 titulis
1594 1798 1652 1847 et
1702 1794 2072 1846 monumentis
2121 1790 2559 1847 concludendum
2606 1808 2724 1844 esse

429 1883 651 1936 uidetur
688 1883 745 1935 in
784 1882 1107 1951 regionibus
1136 1881 1359 1935 Graecis
1396 1899 1686 1936 numerum
1728 1900 2040 1951 pugnarum
2068 1885 2393 1936 cunctarum
2424 1880 2722 1935 indicatum

425 1986 544 2022 esse
582 1970 825 2037 coronis,
876 1970 1260 2037 uictoriarum,
1309 1975 1375 2023 ut
1424 1970 1654 2037 Romae,
1709 1971 1920 2039 palmis.
1995 1971 2201 2024 Tamen
2247 1971 2302 2023 in
2343 1969 2525 2038 anagl.
2573 1968 2723 2038 apud

427 2056 881 2110 Thessalonicam
933 2062 1155 2127 reperto
1201 2056 1362 2127 (Rev.
1402 2059 1552 2112 arch.
1600 2058 1672 2113 Vl
1713 2058 1901 2127 [1849]
1941 2078 1993 2128 p.
2040 2060 2162 2128 198)
2211 2076 2306 2112 sex
2352 2073 2590 2111 coronae
2628 2056 2721 2111 de·

426 2145 610 2214 pictae
649 2149 792 2209 sunt,
831 2163 972 2214 quae
1012 2147 1296 2215 pertinent
1336 2147 1406 2200 ad
1439 2148 1854 2216 epigrammatis
1893 2149 2064 2202 uerba
2101 2147 2284 2213 (Kaib.
2307 2146 2532 2214 n.945):
2575 2139 2715 2204 ἑξάκι

429 2227 654 2298 νικήσας
698 2233 918 2302 πατρίδ’
971 2234 1298 2300 ἔπηυκλέισα
1345 2239 1402 2288 et
1451 2236 1506 2288 in
1556 2235 1821 2304 diptycho
1869 2235 2176 2289 Areobindi
2225 2233 2428 2302 (Millin
2473 2250 2716 2287 monum.

431 2321 864 2389 antiques‘ined.
904 2322 929 2375 Ι
966 2322 1080 2376 tab.
1109 2323 1215 2391 38),
1252 2323 1351 2376 ubi
1389 2323 1498 2376 nisi
1536 2323 1703 2377 fallor
1741 2323 1950 2377 harena
1987 2323 2345 2393 conspicitur,
2389 2321 2595 2373 homini
2632 2338 2718 2375 co-

427 2424 566 2461 rona
621 2409 779 2476 quasi
835 2409 1052 2479 signum
1114 2411 1761 2488 uictoriaeximponitur.
1846 2410 2050 2464 Titulis
2098 2409 2449 2478 Pompeianis
2499 2410 2613 2462 CIL
2645 2407 2718 2463 IV

433 2497 572 2549 1476
610 2494 700 2566 (=
725 2497 883 2552 Garr.
917 2498 1075 2568 graff.
1116 2499 1228 2553 tab.
1256 2497 1353 2552 XV
1375 2500 1450 2570 3),
1492 2500 1631 2553 2387
1670 2498 1740 2553 ad
1777 2499 2112 2568 gladiatores
2149 2499 2558 2568 pertinentibus
2596 2516 2717 2568 gra·

424 2584 555 2652 phio
581 2584 765 2653 palma
790 2590 847 2640 et
871 2603 1077 2641 corona
1103 2588 1375 2656 ascriptae
1413 2592 1558 2640 sunt.
1600 2618 1664 2626 -—
1708 2587 1956 2656 Coronis,
1993 2587 2193 2655 quibus
2232 2588 2403 2641 trium
2444 2586 2713 2655 gladiato-

424 2689 547 2725 rum
608 2672 702 2741 (M.
745 2675 977 2728 Antonii
1019 2675 1245 2742 Exochi‚
1296 2675 1564 2744 laquearii
1612 2676 1806 2744 [Henz.
1846 2676 1959 2729 tab.
2003 2675 2105 2729 VII
2147 2675 2253 2744 10],
2302 2675 2517 2728 retiarii
2560 2674 2719 2744 [buil.

424 2759 621 2829 Napol.
652 2760 721 2812 IV
751 2764 863 2817 tab.
896 2763 966 2832 1])
1006 2765 1191 2833 capita
1229 2770 1428 2816 ornata
1466 2769 1611 2828 sunt,
1652 2764 1791 2818 nihil
1831 2762 1982 2816 aliud
2020 2763 2154 2815 mihi
2195 2763 2421 2817 uidetur
2460 2762 2715 2824 indicari,

423 2849 532 2902 nisi
570 2850 695 2903 illos
734 2849 1070 2920 gladiatores
1105 2851 1439 2905 fortissimos
1479 2851 1673 2904 fuisse.

630 2939 678 3004 1)
714 2937 831 2991 Hoc
880 2939 965 2991 ius
1018 2939 1168 2992 solus
1215 2938 1400 2992 editor
1448 2939 1712 2993 habuisse
1766 2940 2014 3004 uidetur;
2051 2938 2141 2992 de
2180 2940 2612 3009 imperatoribus
2658 2939 2720 2992 id

423 3029 709 3079 testantur
745 3025 977 3081 Ouidius
1012 3044 1080 3080 ex
1106 3026 1265 3080 Pont.
1292 3027 1361 3090 II,
1390 3030 1440 3095 8,
1468 3030 1563 3080 53:
1609 3027 1892 3094 „Caesaris
1932 3026 2002 3080 ad
2040 3030 2237 3080 nutum
2276 3032 2402 3080 tuta
2437 3027 2718 3097 gladiator

423 3116 628 3169 harena
660 3113 670 3186 Ι
702 3114 880 3181 exit“,
931 3115 1204 3169 Martialis
1245 3115 1340 3169 lib.
1380 3134 1461 3184 sp.
1498 3117 1586 3184 29,
1625 3116 1684 3169 3:
1725 3115 1950 3184 „missio
1989 3133 2149 3184 saepe
2192 3116 2330 3169 uiris
2369 3133 2569 3185 magno
2609 3115 2717 3169 cla-

425 3222 579 3259 more
617 3204 794 3274 petita
831 3209 937 3272 est3
974 3203 983 3272 Ι
1015 3204 1112 3258 sed
1142 3204 1346 3259 Caesar
1383 3203 1494 3274 legi
1525 3204 1714 3273 paruit
1750 3205 1868 3273 ipse
1895 3204 2079 3272 suae“,
2122 3204 2225 3257 Dio
2251 3203 2633 3271 LXXV11,19,
2659 3206 2715 3256 3:

421 3288 609 3361 ἀγῶνα
644 3297 1000 3364 μονομαχίας
1034 3332 1045 3345 .
1089 3334 1099 3346 .
1139 3333 1151 3345 .
1191 3294 1416 3358 ἐποίησε
1455 3293 1782 3360 (Caracalla)
1811 3335 1821 3346 .
1866 3333 1877 3346 .
1919 3333 1931 3346 .
1973 3293 2111 3346 ἔνθα
2149 3294 2362 3361 λέγεται
2399 3290 2722 3358 ἡττηθέντος

420 3377 567 3439 τινὸς
607 3384 698 3434 καὶ
733 3376 1062 3441 ἱκετεύοντος
1108 3377 1275 3435 αὐτὸν
1311 3378 1463 3440 ὅπως
1500 3382 1699 3453 σωθῇ·
1738 3386 1851 3449 cet3
1911 3380 1978 3434 de
2017 3381 2137 3434 aliis
2176 3381 2487 3434 editoribus
2528 3378 2718 3432 Cicero

425 3468 590 3522 Tusc.
630 3470 682 3522 ΙΙ
725 3472 819 3521 41:
862 3470 1134 3534 „mittunt
1168 3469 1553 3538 (gladiatores)
1593 3469 1760 3522 etiam
1802 3468 2120 3521 uolneribus
2156 3468 2400 3522 confecti
2438 3468 2508 3522 ad
2546 3467 2721 3521 domi-

425 3573 541 3622 nos,
587 3557 679 3625 qui
729 3562 1000 3625 quaerant
1037 3557 1170 3626 quid
1209 3557 1415 3611 uelint:
1471 3557 1517 3609 si
1555 3557 1690 3610 satis
1724 3558 1792 3610 iis
1840 3556 2052 3610 factum
2090 3557 2178 3625 sit,
2227 3574 2283 3610 se
2323 3557 2463 3611 uelle
2499 3557 2717 3610 decum-

425 3644 620 3709 bere“,
679 3644 954 3697 quenalis
994 3650 1094 3699 sat.
1136 3644 1347 3698 11134:
1407 3645 1720 3715 „quondam
1782 3645 1838 3698 hi
1894 3645 2202 3700 cornicines
2260 3648 2314 3697 et
2373 3644 2720 3713 municipalis

424 3731 663 3786 harenae
697 3734 705 3799 Ι
738 3733 995 3802 perpetui
1034 3734 1260 3787 comites
1305 3739 1580 3803 notaeque
1627 3752 1729 3803 per
1777 3734 1982 3803 oppida
2031 3735 2237 3788 buccae
2267 3733 2278 3802 Ι
2310 3749 2541 3786 munera
2576 3750 2722 3788 nunc

424 3820 598 3874 edunt
641 3826 698 3875 et
744 3838 902 3875 uerso
940 3821 1152 3889 pollice,
1201 3822 1400 3892 uulgus
1434 3824 1442 3889 Ι
1476 3839 1642 3891 quem
1682 3822 1853 3887 iubet,
1904 3822 2167 3876 occidunt
2202 3821 2612 3891 populariter“;
2647 3821 2717 3875 cf.

421 3907 491 3962 ad
529 3909 582 3962 h.
623 3908 659 3961 l.
697 3909 865 3963 Probi
910 3909 1006 3977 qui
1061 3909 1268 3963 dicitur
1321 3911 1517 3965 uerba:
1578 3910 1841 3979 „fortuna
1885 3911 2180 3965 immutata
2221 3910 2253 3961 i.
2290 3926 2337 3963 e.
2379 3909 2718 3979 loeoimpe·

426 3998 631 4051 ratoris
676 3997 882 4052 occidit
933 3999 1324 4066 gladiatores“.
1398 3998 1506 4052 Sed
1555 4004 1612 4053 et
1649 4000 1707 4052 hi
1752 4004 1807 4052 et
1849 3999 1943 4052 alii
1981 4000 2088 4052 loci
2131 3998 2221 4063 (cf.
2261 3998 2409 4066 Lips.
2458 3999 2507 4051 11
2544 4017 2589 4053 e.
2630 3998 2719 4067 22)

426 4086 634 4140 docent
684 4085 958 4139 editorem
1020 4105 1235 4157 semper
1289 4089 1406 4142 sere
1459 4088 1658 4156 populi
1707 4088 1989 4141 uoluntati
2046 4088 2373 4142 obsecutum
2419 4086 2614 4154 fuisse3
2653 4085 2721 4140 cf.

423 4176 594 4227 etiam
642 4173 853 4228 Friedl.
902 4175 960 4228 in
1013 4175 1230 4243 Marqu.
1278 4175 1484 4229 enchir.
1523 4176 1602 4227 111
1642 4193 1695 4243 p.
1736 4177 1856 4242 541,
1897 4178 1945 4229 7.
2009 4205 2076 4215 -
2132 4175 2362 4228 Femina
2416 4176 2473 4227 in
2524 4175 2722 4229 altiore

426 4266 691 4332 suggestu
744 4262 940 4315 sedens
989 4263 1277 4332 digitoque
1328 4264 1548 4317 sublato
1605 4263 1946 4333 gladiatores
1995 4265 2221 4316 mittens
2278 4263 2497 4331 depicta
2544 4268 2627 4316 est
2664 4264 2720 4315 in

425 4349 759 4419 anaglypho,
798 4350 867 4403 de
905 4367 1016 4419 quo
1044 4350 1272 4403 Henzen
1310 4351 1444 4405 bull.
1483 4352 1536 4405 d.
1575 4352 1691 4404 inst
1740 4352 1873 4404 1853
1914 4369 1967 4419 p.
1999 4353 2099 4404 130
2136 4348 2475 4404 conferatur.
2521 4350 2723 4404 Editor

423 4437 484 4489 in
522 4437 688 4491 simili
726 4443 995 4508 suggestu
1042 4438 1239 4493 sedens
1277 4440 1563 4493 inuenitur
1600 4443 1659 4493 in
1701 4439 1918 4507 pictura
1957 4440 2295 4509 Pompeiana
2336 4440 2521 4508 (Garr.
2561 4438 2719 4509 graff.

424 4525 542 4579 tab.
580 4526 655 4579 XI
697 4526 763 4595 1).
