3190 5037
1611 340 1682 394 36

492 513 776 574 uidere?
865 514 945 575 Et
991 558 1004 573 .
1054 562 1066 574 .
1115 559 1129 574 .
1189 516 1480 574 consulem
1528 559 1541 574 .
1590 559 1605 576 .
1655 558 1668 572 .
1718 515 1885 575 Gallo
1930 560 1945 575 .
1996 561 2010 576 .
2057 561 2072 576 .
2127 517 2286 576 latus
2343 517 2790 579 transfodisse“.

495 615 716 688 Quodsi
768 636 976 675 reuera
1019 636 1074 675 a.
1130 617 1243 675 192
1289 649 1373 657 -
1417 636 1484 676 eo
1546 618 1699 674 enim
1745 617 2053 689 Quinctius
2098 617 2300 676 consul
2343 623 2473 676 erat
2517 648 2594 657 —
2638 617 2792 677 Galli

491 716 849 792 gladiatores
915 717 1216 789 extabant,
1281 720 1404 777 sine
1451 717 1631 776 dubio
1697 718 1860 776 uelut
1905 716 2194 777 Samnites
2240 719 2355 777 iam
2400 738 2436 777 a
2480 717 2791 795 Campanis

490 818 752 876 instituti
797 822 964 886 sunt3
1007 818 1080 876 cf.
1123 838 1182 895 p.
1238 811 1396 896 14¹).

694 919 808 978 Eos
876 919 1091 993 Gallos,
1158 921 1257 997 qui
1323 940 1454 979 cum
1517 921 1775 979 retiariis
1841 923 2207 997 pugnarent,
2272 925 2522 978 exeunte
2597 924 2792 978 aetate

489 1020 711 1079 liberae
764 1021 1120 1099 reipublicae
1179 1023 1438 1080 anticum
1496 1041 1706 1080 nomen
1767 1022 2026 1079 amisisse
2044 1015 2097 1095 ²)
2154 1026 2213 1080 et
2267 1026 2513 1099 propter
2557 1021 2789 1097 piscem,

492 1123 592 1198 qui
637 1122 761 1180 sine
807 1123 1006 1194 dubio,
1073 1129 1142 1183 ut
1184 1123 1510 1182 aduersarii
1556 1124 1672 1182 reti
1716 1126 2045 1199 caperetur,
2099 1122 2304 1198 galeae
2348 1121 2704 1197 affigebatur
2718 1116 2790 1198 3),

490 1223 890 1282 murmillones
946 1224 1281 1302 appellatos
1341 1244 1469 1284 esse
1514 1223 1728 1283 Festus
1773 1224 1812 1281 1.
1859 1244 1908 1282 c.
1964 1221 2232 1282 tradidit.
2320 1222 2539 1281 Tamen
2590 1219 2791 1280 Cicero

487 1323 602 1382 iam
659 1324 827 1383 annis
892 1326 988 1384 44.
1037 1326 1114 1383 43
1180 1327 1356 1385 etiam
1420 1325 1749 1385 Thraecum
1812 1325 2184 1384 aduersarios
2237 1323 2488 1384 Gallicos
2554 1323 2793 1383 uocauit

694 1553 745 1623 1)
783 1545 959 1607 Extat
996 1571 1134 1608 urna
1170 1555 1412 1610 Etrusca
1453 1556 1769 1625 (Conestab.
1827 1573 2069 1610 monum.
2106 1555 2159 1609 d.
2198 1555 2399 1622 Perug.
2437 1555 2551 1609 tab.
2592 1556 2681 1622 62,
2719 1554 2789 1625 3),

488 1643 546 1696 in
584 1661 693 1712 qua
718 1641 830 1696 duo
856 1642 1122 1711 homines,
1160 1662 1297 1713 quos
1333 1661 1497 1698 nemo
1537 1662 1650 1698 non
1676 1662 1779 1714 pro
1807 1645 1980 1698 Gallis
2012 1644 2258 1710 habebit,
2297 1643 2468 1697 scutis
2505 1641 2791 1711 quadratis

485 1732 686 1802 gladiis
715 1731 1077 1800 subligaculis
1107 1733 1284 1785 soccis
1315 1733 1517 1786 armati
1547 1733 1849 1802 uestitique
1871 1733 2018 1788 inter
2056 1751 2111 1787 se
2131 1734 2401 1802 pugnant.
2475 1732 2591 1785 Iam
2613 1731 2789 1801 igitur

488 1821 714 1875 Etrusci
750 1820 935 1875 Gallos
972 1825 1167 1890 captos
1206 1826 1659 1892 composuerunt.
1707 1821 1918 1889 Quibus
1949 1838 2194 1890 pugnam
2224 1821 2569 1876 bustuariam
2597 1826 2789 1875 notam

486 1908 656 1963 fuisse
700 1910 906 1963 docent
953 1926 1064 1963 non
1103 1913 1219 1963 tam
1256 1910 1523 1964 Nicolaus
1564 1911 1931 1964 Damascenus
1970 1909 2143 1978 (apud
2179 1909 2380 1964 Athen.
2406 1909 2482 1962 IV
2508 1928 2563 1978 p.
2587 1909 2688 1963 153
2708 1909 2790 1978 f.),

485 1997 651 2052 homo
697 1997 1030 2063 leuissimus,
1080 2015 1243 2067 quam
1291 1999 1435 2053 aliae
1482 2017 1654 2052 urnae
1700 1999 1974 2054 Etruscae
2012 1999 2309 2053 maximam
2354 2004 2573 2069 partem
2618 1998 2788 2053 inedi-

487 2091 579 2141 tae
621 2116 687 2126 -
728 2104 894 2140 unam
930 2090 1151 2140 tantum
1183 2088 1329 2156 apud
1368 2087 1768 2157 Inghiramium
1807 2104 2048 2142 monum.
2084 2088 2208 2141 Etr.
2245 2088 2331 2154 48,
2355 2090 2388 2139 2
2429 2087 2679 2142 inuenies
2704 2116 2788 2156 -,

488 2193 626 2244 quas
664 2175 942 2230 Gustauus
978 2176 1185 2229 Koerte
1220 2176 1606 2231 liberalissime
1643 2193 1862 2230 mecum
1896 2177 2344 2231 cummunicauit.

684 2265 740 2332 2)
776 2263 1029 2320 Vidimus
1063 2264 1213 2317 idem
1252 2264 1446 2317 eodem
1484 2269 1737 2333 tempore
1779 2265 1848 2318 de
1887 2263 2203 2317 Samniticis
2242 2263 2550 2318 Thraecum
2596 2264 2787 2318 adver·

484 2352 643 2406 sariis
681 2352 888 2407 factum
926 2369 1066 2419 esse;
1109 2358 1164 2407 et
1196 2353 1255 2406 hi
1293 2358 1348 2408 et
1386 2354 1468 2407 illi
1504 2342 1714 2409 Graeco
1758 2355 1983 2407 nomine
2021 2353 2290 2422 appellati
2331 2358 2477 2407 sunt.

681 2443 734 2507 3)
772 2439 1045 2510 Equidem
1080 2459 1193 2495 non
1232 2441 1447 2510 dubito,
1499 2441 1634 2510 quin
1684 2441 1837 2496 Festi
1888 2443 2185 2511 explicatio
2224 2442 2378 2495 uocis
2434 2439 2787 2510 ‚‚murmillo“

483 2535 637 2583 recta
681 2530 781 2598 sit3
828 2530 968 2584 nihil
1005 2533 1150 2584 enim
1194 2535 1277 2585 est
1314 2531 1433 2584 ueri
1473 2531 1725 2599 similius,
1773 2548 1939 2601 quam
1985 2531 2094 2584 reti
2148 2531 2507 2585 retiariorum
2557 2548 2783 2600 respon-

484 2616 627 2672 disse
665 2618 873 2687 piscem
910 2618 1212 2673 Gallorum.
1286 2620 1460 2674 Piscis
1507 2615 1794 2691 μορμύρος
1839 2637 1881 2673 s.
1929 2614 2214 2691 μορμύλος
2248 2637 2289 2674 s.
2328 2613 2540 2690 μύρμα,
2592 2620 2689 2689 qui
2724 2620 2782 2672 in

484 2707 652 2760 maris
691 2706 855 2760 litore
892 2707 1125 2761 uiuebat
1160 2724 1341 2778 neque
1376 2709 1566 2778 magni
1603 2709 2018 2771 aestimabatur,
2069 2708 2389 2776 saepissime
2427 2725 2459 2761 a
2495 2708 2779 2777 scriptori·

483 2795 587 2848 bus
630 2794 855 2849 Graecis
911 2802 1283 2863 memoratum
1340 2797 1412 2852 cf.
1459 2797 1735 2866 imprimis
1791 2796 2023 2865 Oppian.
2081 2796 2319 2849 Halieut.
2361 2795 2387 2848 I
2428 2797 2557 2865 100,
2618 2795 2781 2851 Ouid.

479 2881 724 2936 Halieut.
768 2886 867 2937 100
905 2888 990 2949 (=
1030 2885 1170 2939 Plin.
1212 2885 1314 2938 NH
1342 2885 1549 2938 XXXII
1589 2885 1741 2953 152),
1795 2884 1945 2938 Plut.
1997 2901 2135 2958 mor.
2173 2902 2228 2953 p.
2263 2886 2367 2939 977
2394 2901 2450 2953 e,
2505 2884 2779 2938 Artemid.

482 2969 900 3039 onirocr.1114,
941 2973 1139 3029 Athen.
1162 2974 1263 3028 VII
1286 2977 1465 3043 p.313
1492 2992 1538 3043 e,
1577 2974 1674 3043 qui
1712 2975 1953 3042 quinque
1992 2972 2131 3027 alios
2174 2974 2473 3042 scriptores
2512 2977 2576 3026 ut
2612 2974 2782 3043 piscis

480 3062 649 3111 testes
689 3058 864 3114 affert.
940 3062 1119 3116 Hodie
1166 3080 1383 3132 quoque
1433 3067 1489 3117 et
1527 3062 1657 3116 Itali
1698 3067 1753 3116 et
1792 3062 1986 3116 Graeci
2032 3061 2137 3116 hoc
2179 3062 2343 3130 piscis
2378 3079 2579 3115 nomen
2618 3077 2781 3115 noue·

478 3150 638 3214 runt3
691 3147 761 3201 cf.
801 3148 1041 3203 Bonitzii
1079 3150 1246 3205 indic.
1284 3152 1456 3204 Arist.
1495 3168 1535 3205 s.
1578 3169 1631 3203 u.
1707 3150 1958 3216 Accedit,
1997 3149 2146 3218 quod
2181 3144 2467 3221 μορμύρος
2503 3143 2781 3221 ἂμφιβλή·

482 3250 662 3303 στροις
721 3235 755 3288 i.
817 3254 862 3290 e.
920 3237 1115 3292 iaculis
1162 3238 1254 3307 (cf.
1304 3258 1358 3308 p.
1398 3239 1489 3306 26)
1550 3239 1676 3306 capi
1740 3239 1978 3306 solebat3
2051 3237 2243 3292 confer
2299 3237 2580 3292 Plutarch.
2636 3238 2672 3292 l.
2729 3254 2777 3291 c.

479 3322 844 3391 Repudianda
883 3330 968 3379 est
1014 3330 1164 3380 certe
1203 3326 1433 3381 Walteri
1487 3326 1781 3390 sententia,
1837 3327 1931 3395 qui
1974 3327 2033 3380 in
2070 3327 2277 3379 Kuhnii
2324 3327 2620 3395 annalium,
2684 3327 2779 3395 qui

483 3411 841 3479 „Zeitscbrift
880 3413 917 3467 f.
956 3414 1128 3483 vergl.
1167 3414 1728 3484 Sprachwissensch.“
1770 3415 2051 3484 dicuntur,
2113 3417 2220 3469 uol.
2272 3414 2377 3468 XII
2430 3433 2484 3484 p.
2522 3417 2627 3469 413
2664 3419 2779 3468 not.

478 3503 641 3567 putat
695 3518 883 3556 uocem
944 3503 1276 3571 „mirmillo“
1330 3508 1511 3557 ortam
1569 3521 1689 3558 esse
1744 3503 2093 3573 reduplicata
2146 3504 2333 3558 radice
2392 3521 2547 3572 „mar
2580 3534 2622 3541 -·
2645 3504 2680 3532 “
2736 3521 2779 3557 s.

477 3587 626 3652 „mal
652 3593 779 3657 -“,
836 3607 901 3643 ea
939 3592 1028 3644 cui
1064 3593 1221 3646 notio
1269 3592 1556 3661 pugnandi
1593 3592 1742 3646 insit.
1821 3591 1993 3646 Piscis
2049 3594 2234 3661 imago
2292 3594 2351 3646 in
2400 3592 2778 3661 compluribus

477 3676 727 3729 cernit-ur
765 3679 937 3746 galeis
975 3679 1374 3749 gladiatorum;
1432 3686 1619 3735 tamen
1658 3698 1723 3734 ea
1761 3680 1880 3734 sola
1916 3697 2028 3734 non
2065 3681 2481 3734 demonstratur
2518 3679 2642 3733 illas
2686 3697 2777 3750 ga-

478 3761 591 3816 leas
645 3763 813 3819 fuisse
871 3768 1329 3837 murmillonicas;
1390 3770 1559 3823 immo
1622 3769 1782 3838 galea
1820 3769 2076 3838 Pompeis
2112 3773 2337 3837 reperta
2376 3767 2464 3837 (cf.
2501 3768 2778 3823 Niccolini

477 3867 728 3905 casei-ma
765 3854 909 3922 glad.
948 3857 1061 3911 tab.
1102 3858 1153 3910 11
1195 3862 1245 3927 7,
1300 3859 1471 3912 Henz.
1522 3878 1575 3928 p.
1624 3861 1738 3928 133,
1780 3860 1925 3926 104),
1982 3874 2316 3927 quamquam
2372 3856 2635 3926 delphino
2694 3861 2779 3911 est

477 3944 692 4009 ornata,
742 3948 840 3997 aut
877 3944 1134 4000 Thraecis
1182 3951 1279 4000 aut
1319 3946 1631 4017 oplomachi
1680 3952 1765 4000 est
1817 3951 2050 4016 propter
2093 3962 2355 4014 magnam
2399 3947 2626 3999 cristam
2667 3963 2777 3999 am·

475 4025 738 4096 piumque
775 4033 1100 4103 marginem,
1139 4039 1195 4089 et
1233 4036 1376 4091 alter
1402 4054 1589 4090 eorum
1629 4036 2023 4105 gladiatorum,
2063 4034 2265 4103 quibus
2301 4035 2527 4087 nomina
2566 4034 2776 4088 Prudes

477 4118 534 4168 et
574 4115 848 4171 Tetraites
898 4127 1059 4175 erant
1099 4123 1185 4189 (cf.
1229 4124 1345 4177 CIL
1374 4125 1449 4178 IV
1484 4125 1609 4194 538)
1648 4125 1947 4194 galeaeque
1994 4124 2239 4193 piscibus
2289 4122 2576 4191 praeditae
2627 4127 2775 4186 sunt,

478 4209 711 4273 propter
750 4207 915 4260 sicam
955 4208 1049 4277 (cf.
1073 4209 1279 4283 Helbig
1313 4213 1640 4282 Wandgem.
1668 4214 1831 4283 1513)
1869 4213 2084 4266 Thraex
2122 4211 2410 4266 habendus
2449 4215 2547 4265 est.
2609 4211 2777 4265 Galea

474 4293 841 4349 murmillonis
893 4297 951 4351 in
1001 4300 1316 4369 anaglypho
1354 4301 1695 4370 Pompeiano
1734 4302 1825 4372 (cf.
1863 4302 2032 4370 infra)
2071 4302 2150 4354 ita
2196 4300 2383 4355 diruta
2421 4304 2521 4366 est,
2570 4305 2633 4353 ut
2682 4300 2776 4353 de-

474 4381 628 4434 cerni
676 4391 931 4452 nequeat,
990 4406 1121 4441 num
1176 4389 1329 4459 pisce
1374 4390 1546 4445 fuerit
1584 4394 1805 4457 ornata3
1868 4392 2075 4459 piscem
2116 4407 2250 4444 uero
2288 4390 2481 4444 deesse
2518 4388 2775 4442 omnibus

473 4468 673 4521 ceteris
711 4470 1118 4539 gladiatoribus
1156 4477 1342 4546 pictis,
1389 4495 1525 4546 quos
1567 4494 1671 4547 pro
1709 4475 2157 4531 murmillonibus
2194 4476 2387 4542 habe0‚
2425 4494 2538 4530 non
2574 4476 2774 4529 mirum

475 4558 576 4624 est,
617 4558 875 4624 quoniam
917 4562 974 4614 in
1013 4564 1368 4619 retiariorum
1409 4569 1630 4619 tantum
1667 4565 2017 4620 aduersarios
2054 4565 2290 4621 Gallicos
2328 4565 2653 4634 quadrabat.
