3190 5037
1536 325 1607 379 35

872 503 904 573 ς
952 504 1008 562 6.
1095 502 1191 561 De
1235 501 1464 562 Gallis
1510 510 1581 562 et
1624 501 2294 579 murmillonibus¹).

660 634 746 697 of.
793 596 954 714 Lifis.
999 637 1056 696 11
1091 658 1138 697 ο.
1187 638 1284 711 10,
1333 638 1509 698 ΗΜ.
1554 658 1614 715 p.
1664 640 1779 696 111
1828 659 1938 715 sq„
1984 637 2202 697 Friedl.
2246 660 2303 716 p.
2353 639 2493 698 516.

628 769 799 844 Galli,
865 791 1011 848 quos
1064 773 1265 830 eodem
1325 772 1497 831 modo
1547 778 1728 848 atque
1778 772 2063 831 Samnites
2123 778 2186 831 et
2227 772 2515 830 Thraeces
2568 777 2729 855 ortos

430 893 556 931 esse
600 873 741 929 mihi
772 893 1111 949 persuasum
1144 879 1251 945 est,
1298 873 1524 932 duobus
1555 878 1789 932 tantum
1825 874 1967 932 locis
1999 875 2408 932 inueniuntur:
2452 875 2513 932 in
2543 874 2731 931 altero

428 973 604 1031 titulo
659 973 951 1032 Venusino
993 974 1135 1034 IRN
1167 975 1286 1033 737
1345 979 1406 1032 et
1457 974 1618 1049 apud
1674 974 1915 1032 Festum
1959 994 2017 1051 p.
2067 975 2182 1032 285
2231 975 2310 1032 Μ.
2359 966 2458 1052 (cf.
2501 994 2560 1051 p.
2605 968 2728 1050 12).

429 1073 581 1132 Sunt
609 1075 860 1133 fortasse
905 1076 1005 1152 qui
1049 1095 1117 1133 eo
1148 1081 1433 1151 tempore,
1482 1094 1601 1151 quo
1632 1073 1849 1133 Caesar
1892 1095 2022 1133 cum
2054 1073 2239 1133 Gallis
2269 1073 2536 1146 bellaret,
2580 1074 2731 1133 hanc

428 1182 784 1234 armaturam
827 1178 1126 1234 inuentam
1174 1195 1299 1234 esse
1343 1176 1710 1247 existiment;
1757 1195 1962 1233 uerum
2007 1178 2089 1234 sic
2132 1178 2276 1234 satis
2321 1178 2530 1233 mirum
2575 1180 2730 1233 esset

428 1273 710 1335 Gallicum
754 1297 966 1334 nomen
1011 1276 1169 1334 haud
1197 1278 1285 1334 ita
1326 1277 1513 1334 multo
1545 1281 1683 1353 post
1722 1278 2029 1335 euanuisse
2074 1282 2228 1335 teste
2260 1276 2457 1335 Fest0.
2546 1276 2729 1334 Immo

427 1379 771 1452 praesertim
817 1396 946 1435 cum
1006 1378 1062 1433 in
1124 1377 1264 1434 ludo
1306 1376 1546 1434 Lentuli
1589 1382 1829 1453 praeter
1874 1377 2164 1436 Thraeces
2208 1378 2493 1454 imprimis
2538 1378 2730 1452 gentis

427 1474 686 1536 Gallicae
736 1476 1094 1552 gladiatores
1139 1478 1319 1535 fuisse
1364 1476 1719 1535 Plutarchus
1767 1476 1958 1536 Crass.
2004 1498 2051 1537 c.
2099 1479 2133 1535 8
2181 1483 2399 1551 narret,
2443 1480 2558 1536 iam
2604 1477 2726 1535 Sul-

425 1576 560 1634 lana
619 1584 817 1636 aetate
878 1582 1038 1635 certa
1098 1575 1399 1634 Gallorum
1465 1582 1769 1634 armatura
1832 1579 1985 1635 inter
2042 1578 2402 1654 gladiatores
2467 1578 2731 1636 extitisse

428 1677 686 1737 uidetur.
770 1677 920 1750 Quin
967 1677 1110 1737 Cato
1157 1677 1346 1736 Maior
1390 1679 1503 1736 nisi
1568 1678 1742 1736 fallor
1785 1679 2070 1736 eiusmodi
2132 1679 2490 1754 gladiatores
2535 1680 2729 1748 nouit;

428 1779 706 1838 uidentur
764 1781 914 1837 enim
969 1779 1046 1837 ab
1105 1798 1172 1837 eo
1230 1780 1553 1856 perstringi
1622 1780 1682 1836 in
1726 1780 1991 1838 oratione
2036 1800 2089 1838 a.
2141 1781 2260 1838 184
2303 1781 2364 1838 in
2408 1779 2473 1839 L.
2519 1780 2725 1852 Quinc-

429 1882 579 1938 tium
626 1879 988 1939 consularem
1034 1879 1257 1955 habita,
1318 1880 1389 1938 de
1449 1899 1565 1956 qua
1610 1879 1814 1938 Liuius
1856 1879 2133 1955 XXXIX,
2187 1884 2288 1955 42,
2342 1882 2410 1939 11
2459 1881 2601 1939 baec
2642 1882 2726 1939 di-

430 1977 606 2057 cit²):
676 1982 886 2057 „longe
927 1983 1284 2058 grauissima
1329 1975 1686 2054 (orationum
1735 2001 1770 2039 a
1818 1979 2041 2040 Catone
2087 2002 2324 2040 censore
2366 1981 2729 2054 habitarum)

425 2084 489 2140 in
532 2080 602 2140 L.
637 2080 971 2153 Quinctium
1015 2082 1204 2140 oratio
1250 2087 1340 2140 est
1387 2125 1400 2140 .
1450 2128 1464 2141 .
1513 2098 1561 2151 ,3
1610 2083 1767 2140 inter
1813 2088 2006 2140 cetera
2049 2083 2262 2143 obiecit
2306 2084 2358 2140 ei
2390 2082 2726 2159 Philippum

431 2182 707 2260 Poenum,
751 2202 949 2242 carum
981 2202 1047 2241 ac
1091 2181 1282 2240 nobile
1326 2188 1605 2256 scortum,
1652 2184 1725 2241 ab
1755 2183 1940 2241 Roma
1983 2186 2040 2241 in
2074 2183 2321 2242 Galliam
2365 2185 2728 2261 prouinciam

431 2303 536 2359 spe
591 2285 914 2357 ingentium
969 2284 1250 2341 donorum
1305 2283 1675 2360 perductum.
1764 2284 1913 2341 Eum
1966 2304 2216 2361 puerum
2262 2305 2369 2363 per
2429 2285 2725 2343 lasciuiam

429 2404 558 2442 cum
601 2384 994 2455 cauillaretur,
1061 2384 1418 2461 exprobrare
1471 2384 1698 2443 consuli
1751 2405 2035 2461 persaepe
2093 2385 2348 2461 solitu‘m,
2413 2385 2571 2460 quod
2619 2383 2727 2443 sub

427 2487 621 2564 ipsum
692 2472 1089 2563 spectaculum
1155 2472 1575 2562 gladiatorium
1644 2484 1932 2545 abductus
1998 2485 2073 2545 ab
2145 2485 2332 2545 Roma
2397 2491 2587 2560 esset,
2661 2490 2730 2543 ut

432 2586 776 2663 obsequium
807 2589 1056 2644 amatori
1093 2588 1360 2645 iactaret.
1448 2586 1630 2646 Forte
1675 2587 2052 2663 epulantibus
2097 2589 2179 2645 eis
2210 2629 2225 2643 .
2273 2632 2287 2645 .
2334 2630 2347 2645 .
2394 2587 2729 2645 nuntiatum

482 2732 496 2747 .
532 2732 545 2746 .
592 2707 737 2755 esse,
781 2688 1034 2746 nobilem
1071 2688 1276 2746 Boium
1308 2685 1449 2745 'cum
1495 2687 1697 2746 liberis
1741 2689 2108 2762 transfugam
2153 2689 2381 2746 uenisse
2414 2733 2427 2747 .
2461 2732 2474 2747 .
2510 2731 2523 2746 .
2570 2687 2730 2744 Inter

429 2790 593 2847 cuius
637 2808 957 2846 sermonem
1003 2788 1306 2859 Quinctius
1350 2793 1572 2845 scorto:
1642 2789 1732 2845 uis
1777 2793 1862 2860 tu,
1916 2790 2127 2864 inquit,
2183 2789 2458 2863 quoniam
2502 2787 2728 2863 gladia-

428 2891 643 2947 torium
704 2889 1105 2966 spectaculum
1164 2889 1476 2965 reliquisti,
1541 2888 1673 2945 iam
1731 2888 1910 2947 hunc
1964 2886 2252 2947 Gallum
2310 2889 2728 2946 morientem

430 3125 567 3179 dans
603 3126 659 3179 la
697 3125 976 3178 Marmara
1014 3127 1068 3177 et
1105 3123 1244 3178 dans
1283 3124 1336 3178 la
1377 3123 1761 3193 Cyrenaique“
1800 3124 1913 3177 tab.
1950 3126 2018 3178 53
2060 3124 2263 3192 edidit3
2301 3140 2429 3178 nam
2468 3124 2558 3177 hic
2596 3141 2731 3194 quo-

430 3230 536 3283 que
583 3213 864 3281 gladiator
912 3211 1124 3264 duabus
1172 3213 1350 3265 ocreis
1393 3212 1702 3265 instructus
1751 3216 1805 3265 et
1846 3230 1972 3267 cum
2012 3212 2341 3281 oplomacho
2385 3215 2729 3283 compositus

432 3300 680 3371 gladium
717 3304 933 3355 rectum
972 3299 1170 3367 habet3
1207 3305 1392 3353 tamen
1430 3299 1647 3364 dubito,
1685 3318 1817 3353 num
1843 3300 1929 3353 illi
1960 3300 2319 3355 delineationi
2358 3302 2432 3355 sit
2467 3299 2605 3355 fides
2639 3301 2731 3355 ha-

431 3390 629 3444 benda.
704 3388 961 3442 Ceterum
999 3388 1044 3441 is
1083 3386 1364 3457 gladiator
1401 3406 1656 3457 parmam
1699 3388 1867 3442 habet
1905 3389 2250 3458 quadratam.

633 3476 686 3546 1)
726 3476 927 3529 Forma
973 3477 1327 3544 ‚,murmillo“
1364 3476 1449 3530 his
1497 3477 1633 3531 locis
1681 3477 1989 3532 inuenitur:
2029 3477 2161 3531 IRN
2199 3480 2321 3545 737,
2368 3475 2533 3531 Orell.
2571 3478 2731 3540 2580,

431 3566 598 3620 Henz.
645 3567 804 3634 6174,
845 3567 1002 3629 6175,
1043 3567 1182 3619 7419
1222 3581 1270 3633 c,
1328 3564 1443 3617 CIL
1474 3564 1519 3618 V
1557 3566 1713 3634 1907,
1754 3565 1828 3618 VI
1857 3567 1988 3633 631,
2043 3565 2265 3620 bullett.
2314 3565 2366 3618 d.
2416 3566 2544 3619 inst.
2593 3566 2727 3619 1865

431 3673 485 3724 p.
509 3657 596 3715 80,
651 3653 768 3707 CIG
803 3654 944 3706 2889
983 3653 1381 3725 (μουρμίλλων)
1422 3653 1569 3708 Fest.
1602 3672 1655 3723 p.
1686 3656 1791 3720 285
1820 3654 1898 3722 Μ,
1945 3654 2129 3709 Valer.
2160 3654 2309 3707 MaX.
2338 3653 2382 3722 1,
2404 3657 2455 3719 7,
2476 3656 2527 3721 8,
2578 3653 2731 3707 Suet.

434 3744 606 3813 Calig.
641 3742 728 3796 32.
803 3742 990 3795 Etiam
1029 3742 1173 3795 Fest.
1215 3742 1386 3795 Paull.
1426 3760 1478 3811 p.
1510 3744 1614 3796 144
1647 3742 1705 3795 Μ
1757 3741 2182 3811 (myrmillonica
2237 3746 2396 3796 scuta
2450 3742 2730 3809 dicebant,

432 3823 558 3885 cum
597 3831 797 3900 quibus
854 3830 924 3885 de
979 3848 1138 3884 muro
1177 3831 1528 3899 pugnabant3
1584 3835 1747 3885 crant
1794 3830 2065 3899 siquidem
2104 3830 2177 3884 ad
2215 3830 2319 3885 hoc
2356 3831 2535 3899 ipsum
2576 3830 2734 3899 apta)

433 3922 704 3989 scriptum
740 3919 914 3973 fuisse
949 3936 1110 3987 ‚,mur
1135 3919 1236 3957 —“
1276 3920 1458 3987 ipsum
1492 3919 1866 3988 ueriloquium
1895 3919 2073 3972 docet.
2150 3918 2296 3988 ,‚Mir
2318 3921 2418 3957 —“
2458 3920 2725 3987 scriptum

435 4013 519 4062 est
555 4008 612 4062 in
654 4024 766 4061 uno
802 4008 969 4062 titulo
1010 4007 1166 4061 Grut.
1206 4025 1258 4075 p.
1292 4008 1418 4074 334,
1458 4010 1489 4060 3
1526 4012 1581 4061 et
1618 4008 1825 4076 passim
1864 4007 2013 4075 apud
2052 4008 2366 4076 scriptores.
2442 4007 2603 4077 „Myr
2623 4006 2727 4047 -“

434 4097 492 4149 in
527 4096 706 4150 titulis
752 4112 859 4150 non
915 4096 1139 4149 memini
1191 4112 1280 4148 me
1336 4095 1551 4164 legisse,
1609 4112 1942 4164 quamquam
2000 4096 2054 4148 in
2111 4095 2270 4150 libris
2328 4114 2727 4164 saepenumero

432 4186 745 4253 inuenitur3
793 4184 863 4240 cf.
902 4186 1092 4239 quen.
1133 4189 1232 4238 sat.
1283 4185 1356 4239 VI
1392 4187 1478 4249 81,
1525 4185 1657 4238 VIII
1694 4187 1818 4252 200,
1883 4185 2030 4240 Suet.
2068 4185 2199 4240 Ner.
2236 4186 2326 4251 30,
2393 4184 2601 4238 Domit.
2647 4188 2729 4252 10,

433 4277 617 4328 Amm.
674 4273 842 4328 Marc.
902 4272 1045 4338 XVI,
1097 4275 1179 4340 12,
1225 4275 1312 4341 49,
1366 4272 1567 4339 XXIII,
1619 4275 1669 4337 6,
1718 4273 1803 4326 83.
1886 4272 2187 4326 Praeterea
2246 4273 2444 4326 titulus
2500 4272 2732 4326 Thasius

435 4360 550 4415 CIG
573 4362 715 4414 2164
752 4380 943 4431 ,,μορμ
966 4363 1088 4424 -“,
1148 4361 1343 4415 titulus
1381 4360 1711 4431 Smyrnaeus
1747 4360 1878 4414 ibid.
1920 4360 2061 4413 3392
2097 4347 2283 4431 ,.μὲρμ
2306 4361 2411 4398 —“
2452 4359 2734 4428 exhibent,

435 4449 504 4503 de
541 4449 741 4518 quibus
780 4447 973 4503 formis
1011 4449 1080 4503 cf.
1121 4450 1520 4519 Dittenberger
1557 4451 1616 4502 in
1657 4449 1892 4503 Hermae
1928 4449 2039 4503 uol.
2080 4448 2153 4503 VI
2192 4466 2245 4517 p.
2290 4450 2409 4502 143.

634 4537 693 4608 2)
730 4537 920 4607 Neque
960 4539 1124 4593 aliter
1161 4540 1431 4595 iudicauit
1465 4539 1863 4594 Weissenborn
1898 4538 1969 4592 ad
2007 4536 2058 4593 h.
2097 4537 2131 4593 1.
