3190 5037
1563 305 1635 359 30

452 481 634 540 maius
685 481 920 539 intersit
972 480 1248 557 spatium,
1316 480 1622 538 retiarium
1672 481 1837 557 prius
1898 482 2146 558 aggredi
2203 503 2316 561 par
2360 489 2476 558 cst3
2540 486 2742 562 itaque

452 583 694 642 simulac
735 583 980 661 propius
1022 580 1097 640 ad
1131 585 1455 640 secutorem
1502 583 1763 655 accessit,
1810 581 1947 640 dum
1976 584 2216 643 sinistra
2244 606 2420 646 manu
2463 588 2746 647 fuscinam

453 688 513 742 et
576 684 889 760 pugionem
945 686 1110 741 tenet
1162 675 1264 759 (cf.
1311 680 1455 741 Gori
1507 683 1774 761 inscript.
1819 683 1904 741 111
1954 686 2054 756 99,
2115 686 2498 764 Archaeolog.
2547 688 2749 748 XVIII

452 806 513 864 p.
555 781 726 858 203),
771 783 986 843 dextra
1027 789 1154 843 rete
1198 783 1461 843 effundit.
1520 783 1689 855 Quod
1733 785 1782 844 si
1823 785 2070 845 feliciter
2112 788 2330 847 iactum
2374 795 2482 864 est,
2525 791 2752 848 retiarii

451 906 548 945 res
592 885 740 944 bene
779 903 841 943 se
882 883 1091 956 habet;
1152 885 1254 944 sed
1300 904 1416 942 non
1458 903 1635 963 saepe
1677 884 1959 957 accidere,
2014 891 2084 945 ut
2128 889 2316 965 primo
2359 892 2584 967 impetu
2626 891 2751 948 feli·

454 988 602 1046 citer
641 987 908 1063 iaciatur,
951 986 1010 1044 in
1055 986 1373 1064 propatulo
1416 990 1522 1054 est,
1569 987 1917 1064 praesertim
1965 1007 2097 1046 cum
2133 995 2367 1048 secutor
2409 990 2567 1050 haud
2597 990 2749 1049 diffi-

454 1088 643 1147 culter
682 1093 811 1146 rete
852 1088 1175 1145 coniectum
1218 1089 1408 1165 possit
1450 1088 1678 1146 euitare
1720 1091 1780 1145 et
1821 1088 1946 1146 sine
1990 1088 2168 1147 dubio
2213 1109 2437 1149 summa
2481 1110 2628 1168 opus
2672 1092 2752 1149 sit

454 1195 582 1248 arte
635 1194 817 1265 atque
874 1188 1234 1265 experientia
1290 1187 1363 1246 ad
1426 1194 1554 1246 rete
1615 1187 1764 1248 bene
1827 1188 2232 1250 emittendum.
2321 1189 2443 1250 Iam
2498 1192 2640 1269 quid
2682 1191 2752 1250 fit

453 1291 569 1348 reti
599 1291 788 1348 miuus
828 1289 1033 1347 dextre
1076 1287 1272 1349 iacto?
1356 1289 1639 1361 Quoniam
1684 1289 2239 1367 periculosissimum
2270 1289 2332 1348 id
2362 1296 2493 1349 erat
2524 1292 2751 1349 retiarii

452 1392 654 1469 telum,
699 1395 932 1449 secutor
983 1391 1154 1449 daret
1204 1410 1444 1467 operam
1488 1410 1724 1449 necesse
1772 1396 1920 1462 erat,
1973 1396 2044 1449 ut
2087 1410 2259 1468 quam
2309 1391 2605 1450 celerrime
2648 1391 2747 1450 ad-

449 1493 796 1566 uersarium,
850 1496 1161 1568 antequam
1210 1491 1400 1550 denuo
1443 1497 1571 1550 rete
1626 1493 1897 1551 emittere
1939 1497 2160 1569 posset,
2227 1491 2648 1568 aggrederetur
2689 1496 2751 1551 et

453 1595 631 1653 armis
685 1595 825 1663 suis,
892 1592 1104 1670 quibus
1157 1593 1379 1651 eminus
1434 1612 1548 1652 non
1616 1593 1830 1652 licebat
1888 1594 1996 1668 uti,
2061 1596 2440 1670 opprimeret.
2529 1593 2751 1654 Contra

450 1695 677 1753 retiarii
721 1713 896 1771 quam
945 1696 1196 1753 maxime
1238 1696 1541 1767 intererat,
1608 1698 1679 1751 ut
1720 1693 1834 1751 reti
1878 1699 2225 1771 recuperato
2266 1696 2481 1752 iterum
2526 1696 2748 1754 eminus

452 1797 851 1855 adversarium
896 1799 1143 1871 peteret.
1232 1793 1344 1853 Sed
1391 1796 1667 1872 quoniam
1712 1799 1978 1853 secutore
2028 1801 2418 1871 persequente
2459 1794 2588 1854 fieri
2630 1815 2749 1854 non

452 1901 704 1974 poterat,
761 1901 832 1954 ut
873 1896 1148 1954 retiarius
1195 1900 1570 1973 procurreret
1624 1899 1686 1953 et
1730 1914 1834 1953 sua
1879 1895 2007 1971 ipse
2047 1914 2225 1953 manu
2265 1900 2394 1954 rete
2440 1897 2748 1974 reciperet,

434 1998 772 2074 quaeritur,
834 2014 1087 2072 quonam
1133 1995 1246 2054 alio
1288 1995 1459 2054 modo
1502 1996 1768 2073 potuerit
1810 2000 2096 2070 repetere.
2183 1997 2381 2072 Atque
2423 1997 2487 2056 id
2531 1998 2750 2075 optime

452 2097 706 2175 explicat
756 2097 916 2156 locus
961 2095 1256 2155 quenalis
1309 2096 1424 2154 iam
1468 2115 1643 2174 saepe
1683 2096 1898 2154 allatus
1948 2099 2007 2152 et
2051 2095 2399 2156 scholiastae
2444 2098 2748 2157 adnotatio

453 2197 644 2256 adhue
687 2216 804 2255 non
850 2198 994 2255 satis
1036 2196 1355 2254 intellecta.
1397 2195 1557 2255 Dicit
1600 2203 1778 2274 poeta
1815 2195 1948 2254 VIII
1993 2197 2144 2256 207:
2207 2198 2551 2270 „credamus
2594 2201 2751 2258 tuni-

451 2317 553 2357 cae
606 2297 678 2355 de
731 2295 996 2355 faucibus
1053 2316 1234 2355 aurea
1290 2316 1421 2355 cum
1476 2317 1538 2355 se
1576 2291 1585 2368 Ι
1624 2296 1897 2373 porrigat
1950 2301 2012 2355 et
2065 2296 2242 2373 longo
2287 2298 2543 2357 iactetur
2588 2301 2749 2375 spira

453 2396 719 2476 galero“.
807 2397 895 2456 De
949 2399 1147 2457 tunica
1190 2403 1252 2456 et
1306 2398 1509 2474 galero
1552 2399 1670 2457 iam
1718 2417 1901 2474 supra
1944 2398 2174 2457 locutus
2220 2418 2381 2471 sum3
2447 2400 2548 2458 sed
2604 2400 2747 2476 quid

451 2498 564 2558 sibi
613 2498 746 2558 uult
802 2495 1004 2576 spira?
1089 2497 1239 2570 Quia
1290 2495 1507 2557 scholia
1561 2498 1672 2558 hoc
1731 2498 1862 2557 loco
1913 2503 1983 2557 ut
2024 2498 2277 2559 uidimus
2345 2503 2555 2559 summi
2608 2504 2749 2560 sunt

453 2601 742 2673 momenti,
807 2600 980 2658 etiam
1035 2599 1096 2656 in
1149 2599 1260 2657 hac
1305 2620 1446 2658 uoce
1500 2598 1845 2678 explicanda
1895 2599 1968 2657 ab
2018 2601 2101 2657 eis
2156 2601 2572 2660 exordiendum
2623 2606 2745 2676 est3

452 2701 698 2777 legimus
758 2701 904 2758 enim
969 2700 1076 2759 sub
1133 2701 1404 2760 lemmate
1458 2691 1730 2781 „galeroJ
1775 2701 1947 2780 pileo,
2014 2720 2184 2777 quem
2232 2701 2451 2760 habent
2501 2702 2749 2764 retiarii.

453 2800 698 2861 Galerus
753 2808 843 2860 est
886 2820 1086 2860 umero
1141 2803 1451 2879 impositus
1505 2801 1884 2877 gladiatoris;
1951 2802 2284 2861 huiusmodi
2328 2803 2569 2880 aliquid,
2630 2821 2748 2879 quo

451 2903 623 2961 citius
667 2921 935 2979 sparsum
979 2902 1175 2960 funem
1230 2902 1327 2959 uel
1369 2904 1652 2961 iactatam
1696 2903 1905 2961 retiam
1950 2896 2249 2977 colligat“.
2338 2901 2501 2960 Vidit
2541 2901 2749 2959 Ferra-

448 3004 571 3060 rius
611 3002 795 3060 uerba
825 2996 1236 3073 ‚,huiusmodi“
1266 3024 1386 3080 eqs.
1431 3022 1548 3061 non
1592 3003 1903 3063 cohaerere
1941 3021 2070 3061 cum
2103 3002 2599 3076 antecedentibus,
2645 3002 2747 3060 sed

450 3102 678 3161 adiecta
729 3122 854 3162 esse
909 3102 985 3161 ad
1047 3103 1452 3181 explicandam
1506 3123 1708 3163 uocem
1773 3100 2052 3181 ,‚spira“;
2116 3103 2258 3161 haec
2307 3121 2449 3159 uero
2490 3122 2527 3160 a
2571 3101 2747 3159 Festo

449 3223 508 3281 p.
554 3203 677 3261 330
719 3202 800 3261 M.
848 3200 958 3261 hoc
1003 3203 1176 3262 modo
1224 3205 1579 3283 explicatur:
1631 3206 1833 3281 „spira
1878 3205 2094 3263 dicitur
2137 3210 2199 3262 et
2242 3203 2400 3262 basis
2445 3202 2747 3260 columnae

448 3305 620 3361 unius
665 3305 780 3361 tori
827 3309 934 3362 aut
963 3304 1213 3362 duorum
1243 3309 1303 3362 et
1331 3325 1522 3381 genus
1556 3305 1754 3383 operis
1793 3304 2028 3382 pistorii
2057 3310 2119 3362 et
2160 3303 2359 3360 funis
2403 3302 2748 3359 nauticus

448 3404 517 3461 in
562 3402 806 3462 orbem
852 3404 1309 3478 conuolutus,
1359 3406 1431 3463 ab
1477 3407 1682 3465 eadem
1712 3424 1911 3465 omnes
1944 3404 2342 3464 similitudine.
2423 3401 2745 3460 Pacuuius:

453 3504 635 3580 „quid
667 3505 924 3575 cessatiS,
965 3507 1122 3578 socii,
1156 3507 1340 3565 eicere
1372 3508 1563 3584 spiras
1595 3513 1865 3585 sparteas
1882 3503 1930 3584 ι)
1944 3505 2013 3564 ?“
2059 3504 2249 3583 Supra
2279 3502 2601 3579 significaui
2633 3521 2748 3560 non

450 3606 712 3681 potuisse
764 3604 914 3679 fieri,
979 3610 1048 3664 ut
1096 3608 1372 3665 retiarius
1430 3612 1558 3666 rete
1612 3609 1814 3685 iniquo
1859 3606 2054 3665 Marte
2116 3608 2330 3665 iactum
2397 3622 2747 3682 procurrens

450 3711 854 3783 recuperaret3
913 3709 1115 3784 itaque
1172 3706 1332 3765 nullo
1389 3708 1503 3765 alio
1563 3707 1734 3766 modo
1792 3727 1882 3766 me
1915 3707 2105 3766 iudice
2147 3705 2207 3764 id
2250 3712 2491 3783 poterat
2534 3704 2749 3779 colligi,

450 3807 562 3864 nisi
606 3806 656 3862 si
712 3807 851 3864 fune
897 3807 1097 3883 aliquo
1137 3806 1453 3883 gladiatori
1513 3809 1626 3884 ipsi
1690 3811 1820 3866 erat
1860 3807 2137 3866 adfixum.
2225 3806 2318 3863 Ita
2368 3807 2598 3882 fugiens
2657 3823 2746 3861 re·-

449 3908 663 3967 tiarius
705 3912 835 3966 rete
879 3927 985 3984 per
1033 3927 1268 3966 arenam
1313 3927 1504 3966 secum
1556 3907 1796 3966 trahere
1840 3912 1903 3966 et
1943 3907 2219 3983 colligere
2258 3911 2516 3985 poterat.
2595 3907 2749 3981 Age·-

448 4008 584 4066 dum
655 4008 1042 4077 considerate,
1109 4007 1401 4084 quomodo
1467 4014 1682 4067 nautae
1744 4008 2064 4083 longiorem
2111 4010 2387 4066 emittant
2438 4008 2657 4076 funem,
2700 4006 2749 4062 si

452 4128 660 4168 nauem
708 4109 1005 4186 appellere
1046 4109 1280 4167 uolunt:
1324 4097 1612 4168 emittunt
1652 4110 1713 4167 in
1743 4108 1911 4167 orbes
1956 4108 2367 4182 conuolutum3
2412 4127 2527 4165 non
2572 4108 2747 4165 aliter

652 4348 707 4414 1)
751 4346 832 4400 Cf.
869 4346 1038 4400 etiam
1075 4344 1207 4400 Isid.
1246 4345 1386 4415 orig.
1427 4344 1574 4409 XIX,
1613 4348 1664 4414 4,
1702 4348 1762 4399 2:
1813 4345 2032 4415 „spirae
2069 4345 2245 4412 funeS‚
2283 4345 2483 4414 quibus
2519 4347 2579 4399 in
2615 4349 2752 4399 tem-

452 4435 764 4504 pestatibus
824 4438 1081 4499 utuntur,
1141 4451 1279 4503 quas
1335 4433 1548 4488 nautici
1608 4450 1708 4489 suo
1764 4450 1919 4488 more
1953 4434 2227 4488 cucurbas
2281 4438 2512 4501 uocant3
2568 4434 2751 4503 spirae

448 4527 634 4577 autem
669 4522 740 4577 ab
779 4528 970 4592 sparto
1007 4522 1289 4576 uocatae“.
