3190 5037
1512 321 1575 375 17

409 514 725 571 penumero
774 496 951 553 etiam
995 496 1189 554 fasciis
1252 498 1655 576 circumligata
1698 506 1839 559 sunt
1882 520 2055 561 crura
2096 521 2406 579 genuaque
2450 505 2510 560 et
2552 499 2713 561 Sam-

410 596 620 654 nitium
668 601 730 654 et
773 597 1017 656 aliorum
1063 597 1480 672 gladiatorum.

607 698 786 757 Aliud
851 718 994 757 uero
1018 766 1031 779 ·
1059 688 1495 775 tegimentum(
1534 702 1693 777 quod
1748 702 1953 762 Liuius
2021 702 2380 763 Samnitibus
2447 703 2712 781 ascribit,

408 800 692 877 spongiae
755 801 980 876 pectori
1045 801 1380 877 applicatae
1443 795 1509 878 (i.
1579 823 1627 862 e.
1700 824 1886 880 genus
1954 805 2195 883 aliquod
2264 807 2577 865 loricarum
2599 803 2648 878 ¹)
2667 803 2711 882 ),

407 901 630 960 frustra
696 903 1079 978 requiruntur
1147 905 1209 960 in
1273 903 1671 979 gladiatorum
1736 908 2157 979 monumentis,
2238 910 2401 966 cuius
2473 910 2559 965 rei
2622 913 2730 967 est.

407 1004 775 1078 apertissima
821 1023 1023 1063 causa:
1091 1005 1363 1063 nimirum
1431 1005 1559 1064 fieri
1630 1026 1748 1066 non
1797 1008 2012 1084 potuit,
2078 1014 2148 1067 ut
2190 1028 2390 1066 omnes
2448 1010 2710 1085 corporis

405 1110 606 1180 partes
648 1109 1008 1181 tegerentur,
1053 1108 1329 1182 quoniam
1369 1126 1487 1164 una
1534 1107 1743 1166 saltem
1787 1128 1949 1185 pars,
1998 1128 2171 1185 quam
2215 1111 2465 1167 maxime
2497 1108 2708 1166 aduer-

407 1206 596 1263 sarius
638 1205 834 1280 gladio
877 1207 1327 1283 aggrederetur,
1374 1207 1530 1266 nuda
1575 1228 1700 1267 esse
1745 1209 1964 1268 debuit.
2051 1210 2244 1268 Etiam
2288 1211 2348 1267 in
2380 1185 2708 1268 certamini-

406 1302 516 1363 bus
569 1305 1026 1365 commilitonum
1072 1312 1410 1366 nostrorum
1465 1315 1660 1368 certae
1709 1311 1973 1387 corporis
2024 1316 2246 1387 partes,
2311 1314 2491 1387 caput
2531 1310 2709 1368 facies

406 1412 644 1481 praeter
685 1406 885 1466 oculos
933 1427 1218 1467 summum
1268 1414 1495 1484 peetus,
1551 1409 1743 1468 nudae
1787 1415 1927 1468 sunt
1968 1410 2045 1468 ad
2090 1409 2455 1487 accipiendas
2502 1410 2710 1468 aduer-

406 1508 547 1565 sarii
573 1508 781 1584 plagas
825 1528 1012 1586 neque
1042 1509 1216 1567 aliter
1257 1510 1319 1567 in
1362 1508 1756 1583 gladiatorum
1787 1513 2001 1588 pugnis
2044 1512 2263 1570 factum
2295 1515 2403 1569 est.
2491 1509 2708 1568 Tamen

407 1602 586 1665 unum
629 1609 914 1685 imprimis
957 1612 1111 1668 inter
1154 1609 1298 1668 haec
1342 1611 1725 1668 certaminum
1768 1629 1985 1685 genera
2026 1612 2293 1682 interest,
2344 1630 2462 1687 quo
2509 1610 2596 1683 fit,
2641 1616 2711 1668 ut

409 1728 523 1767 non
568 1710 803 1768 eaedem
845 1712 1106 1786 corporis
1149 1715 1352 1786 partes
1395 1712 1454 1767 in
1497 1711 1927 1785 gladiatoribus
1971 1717 2151 1788 atque
2194 1713 2251 1769 in
2301 1710 2708 1769 commilitoni·

409 1809 520 1867 bus
563 1817 904 1870 remaneant
938 1813 1213 1870 intectae.
1296 1786 1528 1869 Etenim
1576 1811 1845 1870 hodierni
1886 1812 2242 1889 gladiatores
2284 1816 2353 1869 ut
2389 1813 2475 1869 ita
2519 1811 2705 1869 dicam

407 1933 522 1972 non
567 1933 634 1970 eo
692 1913 930 1972 consilio
971 1917 1416 1988 componuntur,
1477 1918 1547 1971 ut
1599 1913 1753 1971 inter
1800 1933 1861 1971 se
1903 1912 2277 1985 interficiant,
2340 1912 2443 1970 sed
2498 1931 2583 1984 eo,
2640 1917 2710 1970 ut

407 2014 744 2085 uulnerent3
813 2017 939 2072 tum
996 2032 1139 2071 uero
1195 2012 1558 2087 gladiatores
1613 2013 1686 2071 de
1728 2014 1856 2072 uita
1896 2018 2122 2072 certare
2166 2013 2455 2073 solebant.
2543 2014 2709 2074 Hanc

406 2114 481 2172 ob
523 2134 645 2172 rem
703 2114 877 2174 hodie
923 2132 1120 2172 omnes
1174 2132 1278 2172 eae
1328 2119 1530 2191 partes
1583 2116 1845 2190 corporis
1896 2120 2202 2191 teguntur,
2268 2114 2482 2191 quibus
2534 2115 2709 2173 laesis

407 2214 534 2272 uita
576 2215 965 2291 pugnantium
1008 2215 1069 2275 in
1113 2215 1436 2291 periculum
1466 2220 1736 2285 uocatur,
1779 2215 1946 2275 uelut
1978 2215 2188 2273 collum
2221 2214 2370 2273 oculi
2409 2220 2705 2292 tempora3

407 2313 508 2372 sed
549 2319 676 2372 tum
719 2313 1060 2373 nudabatur
1100 2319 1338 2392 praeter
1379 2319 1604 2378 ceteras
1648 2321 1851 2393 partes
1880 2320 2106 2393 pectus.
2193 2317 2289 2375 Ita
2335 2316 2551 2375 factum
2597 2321 2707 2387 est,

406 2420 476 2474 ut
517 2415 735 2474 nullius
767 2417 888 2474 fere
931 2416 1326 2493 gladiatorum
1373 2420 1710 2476 armaturae
1738 2417 1918 2477 lorica
1962 2424 2068 2477 aut
2110 2417 2325 2476 thorax
2355 2422 2508 2476 esset
2552 2419 2708 2476 inter

405 2537 569 2577 arma
609 2516 873 2594 legitima
901 2513 971 2596 ²).
1076 2498 1088 2509 .

601 2619 714 2679 Sed
772 2641 900 2680 cum
956 2621 1317 2697 gladiatores
1361 2627 1569 2699 pectus
1616 2622 1977 2682 denudatum
2015 2622 2318 2695 haberent,
2381 2641 2529 2700 opus
2576 2627 2707 2680 erat

400 2723 640 2798 proprio
694 2725 1046 2780 uestimento
1100 2723 1416 2782 obscaenas
1475 2724 1739 2799 eorporis
1795 2728 1998 2800 partes
2055 2725 2175 2799 tegi
2241 2727 2422 2800 atque
2487 2722 2701 2797 nelari3
2764 2775 2769 2780 ,

402 2841 576 2897 quam
637 2822 713 2880 ob
769 2841 893 2879 rem
941 2842 1139 2881 omnes
1180 2824 1303 2880 fere
1345 2824 1600 2880 omnium
1641 2842 1919 2898 generum
1965 2822 2325 2899 gladiatores
2370 2821 2701 2898 subligacu-

400 2921 517 2978 lum
584 2920 824 2991 habent‚
893 2921 1051 2997 quod
1113 2921 1308 2980 balteo
1378 2926 1750 2981 sustentatur
1774 2917 1845 2998 3).
1911 2953 1986 2962 —-
2055 2922 2371 2981 Praeterea
2432 2921 2701 2981 omnibus

400 3020 826 3097 gladiatoribus
879 3041 1211 3080 communes
1263 3028 1435 3080 erant
1489 3025 1749 3081 manicae
1804 3022 2161 3081 Samnitibus
2216 3022 2502 3082 militibus
2561 3024 2701 3080 item

400 3122 658 3197 ignotae,
724 3121 936 3197 quibus
992 3122 1053 3179 id
1101 3121 1436 3180 bracchium
1483 3121 1817 3198 tegebatur,
1881 3123 2041 3199 quod
2086 3124 2332 3181 maxime
2376 3122 2450 3180 ad
2493 3122 2700 3198 plagas

399 3221 724 3281 aduersarii
766 3222 1095 3299 expositum
1141 3227 1268 3281 erat
1278 3220 1350 3297 ⁴).

606 3483 659 3553 l)
698 3483 776 3537 Cf.
812 3481 1118 3537 Weissenb.
1160 3483 1231 3537 ad
1257 3482 1310 3537 h.
1337 3483 1402 3551 l.;
1441 3484 1825 3538 coniecturam
1863 3484 2041 3556 Lipsii
2078 3484 2338 3554 spongias
2379 3501 2490 3538 non
2529 3484 2699 3539 fnisse

401 3573 646 3627 diuersas
684 3590 716 3626 a
751 3571 952 3626 balteis
992 3588 1091 3624 suo
1129 3570 1250 3626 iure
1288 3572 1484 3625 reiecit
1519 3572 1748 3626 Henzen
1785 3591 1841 3641 p.
1884 3577 1984 3628 132
2023 3578 2137 3628 not.
2176 3575 2263 3627 85.

601 3660 657 3730 2)
694 3661 901 3714 Tamen
947 3660 1234 3713 inuenitur
1283 3660 1488 3728 passim
1541 3665 1735 3729 pectus
1783 3679 1895 3715 non
1934 3662 2097 3731 plane
2145 3662 2450 3731 tegimento
2488 3677 2700 3729 carens,

402 3748 559 3802 uelut
596 3746 925 3816 gladiatoris
971 3748 1030 3801 in
1078 3748 1390 3817 anaglypho
1431 3748 1776 3803 Berolinensi
1821 3750 2097 3818 expressi3
2152 3748 2316 3803 unius
2362 3753 2546 3802 autem
2586 3748 2701 3818 gla-

405 3837 638 3891 diatoris
678 3835 757 3903 (in
794 3834 972 3905 anagl.
1011 3835 1201 3903 Pomp.
1242 3834 1376 3890 bull.
1410 3835 1655 3904 Napolit.
1694 3837 1731 3890 l.
1768 3837 1840 3907 c.)
1877 3832 2058 3892 totum
2095 3841 2289 3906 pectus
2328 3838 2695 3905 tegimentum

401 3925 627 3995 aliquod
662 3924 831 3978 habet
869 3925 925 3977 in
962 3924 1172 3993 aegidis
1209 3923 1445 3977 formam
1471 3924 1776 3979 redactum.
1830 3926 1939 3981 Sed
1976 3926 2287 3996 legitimum
2317 3924 2377 3978 id
2409 3941 2519 3978 non
2547 3923 2699 3976 uide-

400 4018 495 4068 tur
533 4014 723 4077 fuisse,
772 4030 898 4066 cum
946 4013 1081 4066 alibi
1127 4029 1237 4065 non
1277 4016 1448 4066 extet.
1506 4043 1572 4052 —
1634 4013 1754 4068 Hoc
1790 4014 1915 4069 loco
1955 4014 2169 4069 occasio
2210 4014 2376 4067 datur
2415 4012 2696 4080 monendi,

401 4119 468 4156 ne
505 4102 628 4171 quis
682 4105 841 4170 putet
893 4103 1079 4155 omnia
1127 4101 1183 4154 in
1230 4100 1531 4155 armaturis
1587 4103 1670 4155 ita
1722 4106 1869 4156 stata
1906 4103 2091 4168 fuisse,
2152 4106 2215 4155 ut
2270 4102 2527 4170 exceptio
2586 4118 2698 4154 non

401 4189 662 4256 daretur3
702 4188 772 4242 cf.
814 4190 981 4243 etiam
1021 4188 1227 4242 Friedl.
1268 4207 1320 4257 p.
1363 4190 1466 4242 518
1503 4193 1644 4242 extr.

605 4276 662 4346 3)
702 4277 925 4331 Balteus
963 4278 1022 4330 in
1060 4276 1340 4330 nonnullis
1378 4277 1753 4331 monumentis
1793 4277 1886 4347 (cf.
1912 4277 2045 4332 Rev.
2085 4277 2236 4332 arch.
2264 4277 2340 4330 lX
2368 4276 2553 4347 [1852]
2581 4277 2698 4331 tab.

406 4364 524 4433 183,
568 4366 590 4416 l
635 4364 764 4433 cet.)
809 4381 984 4432 nsque
1022 4364 1094 4417 ad
1130 4368 1319 4433 pectus
1360 4366 1623 4433 pertinet.
1667 4373 1674 4386 ⁴

603 4450 658 4519 4)
694 4449 779 4503 De
816 4451 1159 4504 manicarum
1197 4450 1388 4505 formis
1427 4452 1620 4507 confer
1654 4452 1824 4506 Henz.
1865 4469 1918 4521 p.
1961 4452 2061 4506 108
2088 4470 2167 4521 sq.
2223 4452 2307 4505 Ne
2348 4468 2539 4506 manus
2576 4451 2695 4519 qui·

401 4538 525 4594 dem
569 4538 878 4609 tegimento
921 4540 1175 4609 carebat3
1227 4540 1297 4595 cf.
1335 4540 1611 4597 Thraeces
1649 4546 1708 4596 et
1744 4540 2130 4611 oplomachnm
2168 4542 2228 4594 in
2265 4542 2500 4609 picturis
2538 4539 2695 4593 Pom-

2272 4656 2305 4709 2
