3190 5037
1592 304 1627 362 3

462 490 640 561 atque
685 487 809 544 ueri
851 484 1037 543 habeo
1083 485 1436 544 simillimum
1483 503 1599 542 non
1643 485 1831 542 solum
1863 483 2156 543 Romanos
2200 491 2262 545 et
2306 505 2409 544 nos
2441 484 2761 545 Germanos

460 616 544 625 -—
586 606 715 645 nam
759 584 1035 644 Germani
1080 604 1312 662 quoque
1356 587 1526 661 pueri
1567 584 1747 643 talem
1787 584 1976 643 lusum
2021 592 2294 646 exercent
2324 616 2404 625 --
2436 585 2538 645 sed
2583 588 2759 644 etiam

464 683 719 745 Graecos
764 685 1035 746 habuisse
1079 686 1254 742 istum
1299 685 1512 743 lusum.
1603 684 1915 743 Suetonius
1958 704 2099 744 uero
2145 686 2319 745 etiam
2365 686 2474 745 hoc
2516 687 2643 745 loco
2687 686 2761 745 de

465 785 690 846 Graeco
735 787 873 846 ludo
926 787 1156 845 locutus
1209 786 1601 845 Romanorum
1638 786 1897 863 respexit
1940 805 2132 845 mores
2177 786 2602 863 adnotauitque
2649 786 2762 845 Ro-

464 906 665 945 manos
710 887 876 946 illum
923 888 1110 945 lusum
1154 889 1484 945 nominasse
1528 885 1778 944 scabiem
1808 878 1877 961 ¹).

663 987 776 1047 Sed
819 989 912 1047 sac
942 987 1281 1047 Suetonium
1329 989 1504 1047 etiam
1550 987 1623 1045 de
1653 987 1929 1045 Romanis
1972 985 2195 1045 lusibus
2240 986 2492 1047 edidisse
2522 987 2758 1061 librum,

463 1093 531 1147 tu
561 1094 737 1166 putas
781 1089 934 1148 hune
973 1110 1101 1148 cum
1146 1090 1247 1147 illo
1293 1090 1365 1147 de
1398 1087 1636 1148 Graecis
1681 1088 1906 1146 lusibus
1948 1089 2124 1146 fuisse
2168 1086 2578 1148 coniunctum?
2624 1089 2760 1147 Veri

464 1195 556 1249 est
612 1189 1079 1249 dissimillimum.
1169 1189 1316 1249 Nam
1366 1188 1629 1248 Suetonii
1687 1188 1823 1247 libri
1865 1187 1937 1247 de
1986 1188 2361 1266 blasphemiis
2402 1195 2464 1248 et
2505 1189 2578 1248 de
2620 1189 2759 1248 lusi-

462 1290 593 1363 buS,
653 1296 722 1348 ut
769 1291 1075 1366 Augustus
1119 1291 1432 1349 Fresenius
1476 1290 1515 1350 l.
1562 1310 1610 1348 c.
1654 1309 1712 1366 p.
1761 1291 1839 1348 32
1885 1295 2007 1347 not.
2055 1291 2090 1347 2
2136 1294 2196 1347 et
2238 1309 2296 1366 p.
2345 1290 2425 1347 80
2477 1296 2599 1350 not.
2657 1283 2759 1368 (cf.

462 1393 637 1450 etiam
682 1391 985 1449 Flaehium
1048 1394 1109 1450 in
1153 1391 1264 1451 Rh.
1309 1391 1461 1450 Mus.
1507 1390 1760 1448 XXXVI
1807 1410 1865 1467 p.
1916 1383 2062 1467 320)
2117 1411 2223 1449 suo
2265 1390 2393 1448 iure
2437 1390 2758 1465 contendit,

465 1489 684 1551 Graece
715 1497 882 1550 erant
910 1495 1136 1571 scripti,
1185 1511 1301 1569 quo
1345 1511 1610 1550 sermone
1653 1492 1710 1548 in
1751 1491 1902 1549 libro
1945 1491 2017 1549 de
2047 1491 2323 1549 Romanis
2360 1490 2585 1550 lusibus
2629 1512 2760 1550 eum

464 1612 591 1651 esse
636 1612 803 1650 usum
853 1595 956 1650 uix
1011 1594 1127 1651 erit
1170 1596 1272 1669 qui
1330 1594 1639 1651 existimet.
1726 1594 2040 1651 Praeterea
2082 1612 2211 1651 cum
2256 1591 2535 1669 permulti
2577 1592 2760 1670 lusuS‚

465 1713 536 1751 ne
583 1693 768 1752 dicam
808 1695 1093 1771 plerique,
1139 1698 1199 1752 et
1229 1693 1434 1753 Graeci
1479 1697 1539 1751 et
1582 1693 1828 1752 Romani
1873 1700 2084 1767 essent,
2131 1693 2232 1751 uix
2268 1694 2467 1770 potuit
2503 1691 2648 1765 fieri,
2694 1696 2763 1751 ut

463 1794 736 1871 scriptor,
783 1814 954 1871 quem
1000 1814 1116 1853 non
1159 1796 1344 1853 omnis
1391 1794 1747 1852 destituerat
1798 1794 2107 1871 sapientia,
2151 1795 2212 1852 in
2256 1795 2454 1870 priore
2495 1793 2647 1852 libro
2689 1792 2762 1851 de

467 1892 722 1968 Graecis,
766 1897 1088 1973 posteriore
1131 1895 1203 1953 de
1241 1895 1519 1953 Romanis
1563 1893 1916 1971 disputaret.

667 1994 780 2054 Sed
835 1996 1011 2054 etiam
1071 1996 1189 2054 alia
1249 1996 1478 2054 ratione
1524 1993 1983 2053 Reifferscheidii
2037 1996 2426 2053 coniecturam
2474 1995 2547 2053 de
2590 2000 2759 2072 quat-

463 2100 602 2155 tuor
654 2093 935 2155 historiae
989 2096 1245 2155 ludicrae
1299 2095 1569 2172 partibus
1635 2095 1842 2154 falsam
1914 2115 2038 2154 esse
2104 2096 2491 2154 demonstrari
2542 2100 2759 2174 potest.

465 2196 714 2275 Scripsit
766 2199 916 2256 enim
961 2196 1273 2256 Suetonius
1326 2216 1514 2274 neque
1568 2195 1784 2255 librum
1836 2197 1909 2254 de
1956 2197 2347 2255 Romanorum
2393 2195 2617 2256 lusibus
2662 2218 2762 2256 ne-

465 2317 578 2374 que
619 2297 829 2356 librum
878 2298 949 2356 de
995 2297 1346 2357 Graecorum
1390 2298 1755 2373 spectaculis.
1845 2297 1964 2354 Iam
2009 2297 2237 2372 Regent
2278 2298 2319 2356 l.
2351 2317 2398 2356 c.
2429 2318 2486 2374 p.
2522 2299 2598 2356 10
2631 2318 2760 2375 sqq.

467 2398 892 2456 Tertullianum
935 2399 994 2456 in
1037 2397 1232 2456 libello
1273 2397 1346 2454 de
1390 2396 1740 2474 spectaculis
1773 2397 2034 2455 Suetonii
2062 2397 2312 2455 historia
2340 2397 2563 2457 ludicra
2591 2418 2762 2456 usum

463 2520 588 2560 esse
643 2521 748 2559 suo
799 2501 926 2559 iure
979 2499 1243 2558 coniecit.
1334 2498 1530 2575 Atque
1574 2518 1688 2557 non
1741 2504 1862 2558 tam
1916 2498 2179 2575 singulos
2223 2498 2380 2558 illius
2424 2498 2561 2557 libri
2605 2499 2761 2558 locos

462 2603 560 2660 uir
602 2600 957 2660 christianus
1003 2601 1298 2677 excripsit,
1344 2620 1518 2676 quam
1560 2607 1748 2659 totam
1794 2601 2039 2658 formam
2086 2604 2147 2658 et
2191 2600 2552 2675 singularum
2598 2600 2758 2659 dein-

460 2721 596 2778 ceps
652 2703 910 2778 partium
963 2701 1227 2760 ordinem
1292 2701 1402 2759 sibi
1456 2703 1727 2778 sumpsit,
1795 2703 1880 2759 ita
1943 2707 2014 2759 ut
2076 2700 2368 2778 hodieque
2419 2699 2760 2759 Suetoniani

460 2800 595 2859 libri
626 2802 1065 2878 dispositionem
1104 2803 1325 2878 optime
1366 2803 1545 2860 liceat
1588 2821 1953 2876 cognoscere.
2042 2802 2281 2860 Diuisus
2313 2807 2443 2860 erat
2470 2802 2531 2859 in
2559 2808 2759 2879 partes

460 2907 762 2979 quattuor,
828 2922 979 2979 quae
1035 2907 1201 2961 erant
1258 2902 1329 2960 de
1382 2902 1534 2961 ludis
1589 2902 1941 2961 circensibus
2002 2903 2074 2960 de
2131 2902 2283 2961 ludis
2343 2903 2622 2960 scaenicis
2688 2902 2760 2959 de

459 3004 747 3080 agonibus
814 3002 887 3061 de
932 3002 1298 3075 muneribus3
1368 3002 1430 3061 id
1480 3004 1629 3060 enim
1676 3004 1978 3062 manifeste
2024 3004 2235 3061 docent
2295 3003 2576 3079 permulti
2620 3002 2758 3062 Ter·

460 3103 691 3163 tulliani
733 3103 864 3173 loci,
911 3102 1013 3161 ubi
1055 3108 1340 3179 quattuor
1382 3102 1484 3160 illa
1527 3103 1992 3182 spectaculorum
2037 3123 2254 3179 genera
2298 3103 2499 3160 eodem
2531 3122 2761 3180 semper

458 3205 666 3262 ordine
710 3208 815 3261 aut
868 3209 1242 3261 recensentur
1299 3209 1403 3262 aut
1450 3205 1936 3281 perstringuntur
1958 3200 2028 3278 ²).
2119 3203 2339 3262 Eadem
2384 3223 2603 3280 genera
2647 3204 2757 3261 etsi

458 3305 664 3363 ordine
727 3303 970 3362 turbato
996 3298 1046 3380 ³)
1107 3310 1460 3363 enarrantur
1523 3305 1702 3364 etiam
1768 3304 1843 3364 ab
1906 3304 2129 3363 Isidoro
2194 3305 2341 3380 orig.
2402 3302 2502 3361 lib.
2556 3302 2762 3361 XVIII

667 3550 719 3621 1)
757 3551 864 3606 Vix
904 3550 1234 3605 monendum
1275 3555 1360 3605 est
1386 3549 1711 3605 Suetonium
1751 3552 1868 3605 sine
1905 3550 2076 3605 dubio
2112 3550 2182 3605 de
2217 3550 2473 3619 pluribus
2510 3549 2759 3603 locutum

461 3657 577 3695 esse
626 3641 965 3696 Graecorum
1015 3639 1246 3708 lusibus,
1302 3656 1467 3708 quam
1517 3640 1715 3693 Pollux
1761 3640 2096 3695 Eustathius
2142 3642 2406 3708 excerpta
2456 3638 2759 3706 Byzantina

460 3729 623 3783 nobis
660 3728 1034 3783 tradiderunt.

669 3817 727 3888 2)
763 3816 1089 3887 Respondet
1125 3818 1302 3872 totius
1345 3816 1708 3871 Tertullianei
1745 3816 1878 3870 libri
1915 3816 2209 3886 dispositio
2248 3815 2507 3880 Suetoni3
2546 3813 2759 3882 ordini;

459 3908 753 3972 praeterea
796 3906 845 3959 is
890 3906 1180 3960 inuenitur
1220 3906 1309 3959 his
1352 3906 1516 3960 locis:
1556 3923 1603 3960 c.
1646 3908 1699 3974 3,
1752 3907 1959 3959 16-19
1999 3906 2092 3973 (16
2128 3904 2196 3959 de
2243 3904 2395 3958 circo
2446 3904 2652 3973 agitur,
2691 3905 2756 3956 17

462 3991 530 4046 de
567 3992 810 4062 theatro,
853 3996 917 4048 18
955 3994 1023 4047 de
1063 3993 1262 4063 stadi0,
1310 3996 1372 4047 19
1411 3993 1480 4048 de
1530 3993 1984 4063 amphitheatro),
2038 3994 2125 4061 20,
2165 3993 2251 4061 21,
2290 3994 2377 4061 22,
2415 3994 2503 4061 23,
2542 3993 2631 4058 25,
2668 3993 2757 4058 28,

461 4082 546 4135 29.
587 4080 647 4135 C.
687 4083 757 4135 30
793 4086 1060 4146 extrem0‚
1106 4082 1254 4150 quod
1291 4080 1568 4136 theatrum
1616 4085 1675 4135 et
1717 4081 2188 4150 amphitheatrum
2227 4080 2456 4135 notione
2492 4084 2757 4148 „utraque

463 4175 662 4223 cauea“
705 4168 1090 4238 designantur,
1147 4170 1286 4224 ordo
1341 4170 1651 4238 paullulum
1709 4173 1975 4224 mutatur.
2052 4169 2174 4224 Vno
2230 4172 2450 4222 tantum
2505 4167 2626 4220 loco
2674 4165 2759 4235 (in

462 4257 655 4312 eodem
692 4274 738 4311 c.
767 4259 859 4326 30)
895 4257 1093 4312 ordine
1127 4257 1311 4312 deleto
1349 4262 1730 4311 memorantur
1773 4256 2033 4327 deinceps
2076 4255 2332 4326 tragoedi
2358 4260 2414 4309 et
2438 4254 2758 4322 histriones,

462 4344 676 4414 auriga,
711 4345 926 4413 xystici.
1706 4381 1752 4425 ρ,
2779 4336 2783 4340 ⁴

663 4433 720 4501 3)
757 4433 1070 4487 Turbatum
1112 4450 1231 4487 esse
1277 4432 1527 4486 ordinem
1568 4433 1662 4488 uel
1710 4431 1771 4486 eh
1811 4450 1900 4487 res
1950 4432 2131 4502 docet,
2179 4431 2327 4501 quod
2370 4431 2613 4486 Isidorus
2651 4429 2756 4484 sibi

461 4521 580 4591 ipse
618 4538 728 4575 non
766 4525 1002 4592 constat,
1052 4524 1260 4593 quippe
1298 4522 1413 4591 qui,
1461 4524 1569 4577 etsi
1606 4540 1653 4577 c.
1695 4523 1760 4575 16
1797 4521 1958 4576 dicit:
2001 4521 2200 4592 „ludus
2240 4527 2423 4577 autem
2465 4522 2756 4591 gymnicus
