3190 5037
1583 277 1652 330 23

457 446 690 521 chum“,
730 450 847 508 etsi
888 452 1238 509 sententiam
1272 472 1439 511 suam
1484 451 1846 529 argumentis
1891 471 2006 510 non
2051 451 2440 524 confirmauit,
2487 458 2645 512 recte
2688 453 2761 512 de

457 548 568 608 boc
618 570 833 627 genere
886 550 1196 611 diuinauit.
1285 552 1521 611 Henzen
1566 573 1709 612 uero
1760 552 2024 631 paullum
2079 572 2115 610 a
2161 554 2418 612 ueritate
2461 553 2764 613 aberrauit

461 651 744 730 deceptus
786 651 887 710 illo
924 652 1101 711 titulo
1131 653 1427 713 Venusino
1457 654 1592 713 IRN
1627 647 1769 725 737,
1819 655 1919 729 qui
1964 659 2025 712 et
2068 653 2470 732 oplomachum
2514 660 2575 713 et
2603 653 2761 712 Sam-

455 754 634 810 nitem
679 752 947 824 exhibet3
1014 773 1147 811 nam
1193 754 1599 831 oplomachum
1644 774 1761 813 non
1804 754 2052 813 eundem
2096 755 2331 832 quidem
2381 760 2564 832 atque
2596 753 2755 813 Sam-

457 855 634 912 nitem
678 854 876 924 fuisse,
938 853 1041 913 sed
1087 853 1334 913 Samniti
1378 855 1730 914 simillimum
1775 856 2044 932 putauit;
2111 854 2387 914 attribuit
2428 855 2480 912 ei
2520 860 2758 932 praeter

455 955 681 1032 galeam
735 959 797 1014 et
834 961 1080 1017 ,scutum
1133 955 1370 1014 loricam
1431 961 1490 1013 et
1542 956 1845 1014 amborum
1900 975 2136 1014 crurum
2194 957 2475 1032 tegimina
2520 975 2551 1014 e
2597 958 2755 1014 corio

453 1054 630 1113 facta.
717 1057 801 1115 At
829 1056 978 1115 falsa
1019 1056 1090 1116 de
1119 1056 1463 1134 oplomacho
1507 1057 1758 1135 protulit
1804 1056 2221 1126 Friedlaender
2267 1077 2327 1134 p.
2360 1057 2479 1115 519
2527 1056 2752 1114 dicens:

455 1154 602 1225 „Die
651 1155 1024 1233 hoplomachi
1077 1165 1310 1215 miissen
1364 1156 1721 1231 vollstandig
1772 1161 2038 1233 geriistet
2088 1176 2354 1233 gewesen
2421 1158 2561 1227 sein,
2632 1157 2756 1216 also

452 1274 653 1313 ausser
708 1255 819 1314 den
872 1257 1293 1315 Beinschienen
1350 1257 1456 1316 der
1510 1258 1792 1317 Thracier
1858 1257 2007 1315 noch
2073 1258 2239 1315 einen
2294 1256 2753 1316 Brustharnisch

451 1355 673 1433 gebabt
716 1355 925 1427 haben,
993 1357 1133 1416 aber
1172 1358 1483 1434 jedenfalls
1537 1378 1734 1417 waren
1778 1359 1862 1416 sie
1905 1356 2018 1415 den
2064 1357 2382 1415 Thraciern
2428 1357 2753 1428 abnlicher,

452 1457 537 1516 als
594 1457 706 1515 den
747 1457 1067 1529 Samniten,
1138 1460 1245 1516 mit
1290 1458 1476 1517 denen
1531 1460 1616 1516 sie
1659 1458 1897 1536 Lipsius
1953 1457 2073 1517 und
2116 1458 2353 1517 Henzen
2393 1477 2751 1517 zusammen-

451 1558 689 1634 gestellt
716 1559 965 1617 haben“.
1012 1589 1093 1600 —·-
1139 1557 1556 1637 Oplomachum
1587 1559 1872 1637 grauibus
1904 1578 2070 1617 usum
2104 1578 2229 1616 esse
2257 1560 2432 1617 armis
2477 1558 2552 1617 ob
2598 1578 2752 1617 eam·

451 1679 565 1736 que
622 1678 745 1717 rem
801 1659 1189 1737 periculosum
1237 1661 1416 1719 fuisse
1461 1650 1862 1718 aduersarium
1912 1666 1971 1718 et
2015 1679 2086 1717 ex
2132 1660 2262 1735 ipso
2307 1659 2541 1718 nomine
2586 1658 2751 1717 colli-

448 1761 612 1835 gitur
642 1765 704 1818 et
747 1780 817 1818 ex
850 1759 1087 1821 Sueton.
1127 1760 1311 1837 Calig.
1346 1761 1444 1831 35,
1490 1761 1593 1819 ubi
1623 1759 1959 1819 Colosseros
1993 1760 2242 1818 Thraeci
2287 1767 2347 1819 et
2388 1760 2752 1837 oplomachO,

450 1867 518 1919 ut
566 1860 1070 1937 periculosissimis
1122 1862 1569 1936 gladiatoribus,
1622 1862 1929 1939 oppositus
1982 1880 2107 1920 esse
2160 1867 2458 1920 narratur.
2545 1860 2750 1920 Fried-

449 1960 690 2019 laender
735 1966 927 2021 autem
958 1961 1219 2021 Martial.
1253 1961 1391 2020 VIII
1427 1964 1534 2021 74:
1585 1962 1999 2039 „oplomachus
2045 1981 2196 2020 nunc
2241 1980 2321 2032 es,
2365 1963 2561 2019 fueras
2605 1961 2749 2038 oph·

449 2062 762 2121 thalmicus
802 2067 954 2122 ante.
995 2061 1002 2133 Ι
1042 2062 1258 2121 Fecisti
1283 2064 1559 2134 medicae,
1603 2063 1760 2139 quod
1785 2062 1924 2121 facis
1965 2060 2378 2140 oplomachus“
2423 2081 2540 2119 non
2578 2060 2753 2120 aliter

447 2163 730 2239 explicari
780 2182 951 2240 posse
1000 2167 1179 2240 putat
1231 2183 1298 2221 ac
1356 2165 1404 2221 si
1460 2165 1857 2222 existimemus
1919 2161 2293 2240 oplomachos
2338 2162 2494 2220 inter
2537 2181 2598 2219 se
2639 2181 2747 2239 pu·

452 2282 659 2338 gnasse
684 2269 745 2321 et
766 2269 1082 2341 propterea
1115 2270 1432 2341 utrumque
1462 2263 1790 2323 aduersarii
1818 2264 2017 2322 oculos
2053 2264 2312 2340 petiisse,
2360 2261 2522 2369 quoa
2549 2281 2745 2321 omnes

447 2367 675 2422 ceterae
726 2366 988 2441 corporis
1044 2370 1247 2442 partes
1303 2365 1478 2422 armis
1533 2364 1802 2424 obtectae
1845 2365 2111 2423 fuissent.
2200 2364 2389 2440 Atqui
2435 2361 2506 2420 de
2550 2383 2749 2440 pugna

448 2463 776 2542 oplomachi
841 2485 969 2525 cum
1039 2464 1383 2544 oplomacho
1441 2468 1745 2526 commissa
1800 2463 1945 2524 nihil
2005 2465 2301 2536 traditur;
2366 2464 2577 2524 deinde
2645 2469 2750 2523 aut

446 2566 621 2624 fallor
665 2572 769 2625 aut
799 2568 935 2625 talis
978 2567 1377 2644 gladiatorum
1407 2588 1628 2645 pugna,
1673 2568 1904 2644 qualem
1936 2566 2356 2626 Friedlaender
2400 2569 2555 2625 inter
2583 2566 2745 2643 oplo-

448 2665 683 2726 machos
730 2669 909 2727 fuisse
968 2669 1287 2740 contendit,
1354 2669 1529 2746 plane
1574 2668 1841 2727 inaudita
1888 2675 1998 2739 est,
2066 2668 2339 2746 quoniam
2393 2667 2496 2725 uix
2545 2672 2748 2744 potest

444 2766 573 2826 fieri
613 2769 671 2825 in
717 2772 836 2827 acri
868 2789 1090 2846 pugna,
1135 2769 1286 2829 oculi
1318 2775 1386 2827 ut
1420 2770 1636 2845 gladiis
1679 2774 1978 2846 petantur.
2028 2767 2141 2826 Sed
2186 2786 2532 2844 quocunque
2575 2766 2746 2824 modo

444 2865 517 2925 de
560 2867 651 2925 bis
695 2869 882 2926 causis
936 2868 1312 2947 iudicabitur,
1375 2869 1617 2927 dubium
1661 2889 1788 2927 esse
1831 2869 2055 2945 nequit,
2125 2869 2268 2945 quin
2311 2866 2408 2923 ille
2450 2866 2632 2936 locus,
2698 2867 2747 2924 si

445 2969 679 3025 omnino
737 2968 810 3026 de
863 2968 1061 3046 aliqua
1114 2974 1414 3029 armatura
1468 2989 1539 3028 ex
1601 2989 1669 3027 eo
1722 2974 1923 3047 potest
1965 2967 2250 3039 concludi,
2315 2969 2594 3027 certiores
2637 2987 2744 3026 nos

441 3068 621 3126 faciat
666 3068 738 3126 de
782 3068 1119 3128 aduersario
1164 3068 1510 3147 oplomachi,
1576 3071 1739 3129 cuius
1782 3070 1936 3128 oculi
1978 3075 2280 3147 petantur,
2345 3088 2461 3127 non
2504 3067 2576 3126 de
2615 3068 2745 3145 ipso

443 3168 808 3246 oplomacbO.
901 3168 1215 3228 Praeterea
1260 3169 1549 3228 Martialis
1594 3169 1778 3229 uerba
1826 3169 2174 3246 explicanda
2217 3188 2343 3227 esse
2387 3169 2596 3245 opinor
2635 3168 2743 3227 hoc

441 3270 646 3329 modo:
713 3276 812 3341 „et
877 3291 1046 3342 nunc,
1113 3290 1241 3329 cum
1303 3272 1380 3329 sis
1444 3270 1819 3348 Oplomachus
1873 3273 1911 3329 i.
1970 3290 2020 3329 e.
2079 3270 2397 3347 gladiator,
2457 3275 2517 3327 et
2583 3270 2741 3341 olim,

441 3392 570 3431 cum
615 3371 1047 3450 ophthalmicus
1091 3391 1238 3441 eras,
1303 3371 1560 3431 homines
1622 3373 1751 3431 luce
1795 3378 1857 3430 et
1897 3372 2087 3432 salute
2129 3369 2446 3449 priuasti“.
2535 3370 2744 3447 Itaque

440 3475 713 3549 quoniam
760 3493 832 3530 ex
861 3472 1153 3531 Martialis
1198 3471 1464 3531 uersibus
1504 3478 1807 3531 armatura
1845 3472 2171 3549 oplomachi
2207 3491 2320 3529 non
2361 3473 2740 3549 perspicitur,

438 3573 515 3633 ad
559 3574 675 3632 alia
716 3575 1054 3633 testimonia
1097 3573 1499 3650 confugiamus
1544 3593 1779 3632 necesse
1811 3578 1918 3632 est.
2010 3573 2270 3632 Vidimus
2316 3574 2474 3632 illam
2502 3575 2740 3649 grauio-

438 3693 559 3731 rem
604 3673 901 3751 plerisque
960 3673 1092 3733 aliis
1135 3674 1339 3745 suisse;
1400 3674 1516 3732 iam
1561 3675 1609 3732 si
1654 3680 2159 3733 monumentorum
2203 3693 2589 3753 permagnum
2636 3694 2740 3733 nu-

438 3793 660 3832 merum
712 3775 1157 3851 perlustramus,
1221 3779 1458 3852 praeter
1519 3774 1811 3834 Thraeces
1868 3794 2049 3833 unum
2113 3780 2347 3834 tantum
2413 3775 2739 3833 inuenimus

434 3873 828 3951 gladiatorum
875 3895 1077 3951 genus,
1124 3878 1288 3933 cuius
1333 3877 1610 3951 grauiora
1654 3876 1773 3934 sint
1816 3895 2006 3934 arma:
2051 3874 2450 3935 Samniticum.
2539 3875 2741 3952 Neque

438 3993 634 4034 omnes
698 3975 873 4033 huius
934 3977 1165 4052 generis
1220 3976 1580 4053 gladiatores
1651 3976 1870 4053 depicti
1932 3996 2061 4035 cum
2123 3978 2379 4037 retiariis
2440 3980 2728 4055 pugnant,

436 4238 731 4293 lectionem
789 4239 1187 4308 „aplomacho“
1233 4240 1268 4293 i.
1308 4256 1352 4292 e.
1411 4239 1814 4308 ‚,oplo1nacho“
1870 4238 2167 4294 Sabellicus
2224 4201 2451 4307 scripsit
2505 4236 2731 4306 „hoplo-

436 4326 691 4394 macho“;
729 4327 859 4381 item
902 4327 1312 4396 ,‚oplomachis“
1350 4327 1616 4381 exhibent
1642 4328 1841 4396 optimi
1878 4328 2095 4381 codices
2121 4327 2635 4396 Montepessulanus
2674 4328 2734 4380 et

436 4415 718 4469 Parisinus
778 4416 835 4469 in
891 4415 1077 4470 Senec.
1115 4419 1296 4471 contr.
1336 4420 1580 4485 excerpt.
1620 4416 1699 4469 111
1735 4416 1910 4486 praef.
1939 4419 2034 4485 103
2095 4416 2372 4472 fluctuant
2423 4416 2641 4470 codices
2678 4414 2737 4468 in

436 4503 674 4557 Martial.
720 4503 843 4556 VIll
888 4506 971 4557 74.
