3190 5037
1598 323 1670 374 22

484 499 726 558 euanuit
745 495 807 571 1),
873 497 1155 557 remansit
1214 516 1415 555 eorum
1477 500 1797 565 armatura,
1862 493 2111 552 inditum
2170 500 2363 554 autem
2426 499 2519 553 est
2577 515 2784 553 nomen

484 598 876 674 secutoribus3
922 602 1100 675 atque
1142 597 1204 656 id
1247 598 1466 656 factum
1506 601 1597 654 est
1641 597 1796 653 inter
1838 596 2097 671 Augusti
2138 629 2218 638 —
2263 597 2431 653 nouit
2475 598 2626 654 enim
2669 596 2784 654 Ho-

485 704 673 760 ratius
720 700 1008 759 Samnites
1054 729 1126 738 -
1177 703 1236 756 et
1280 697 1583 775 Caligulae
1630 702 1903 768 aetatem,
1972 697 2136 754 cuius
2188 696 2296 756 sub
2344 699 2590 776 imperio
2633 702 2786 756 teste

487 802 764 862 Suetonio
819 822 866 862 c.
919 803 997 861 30
1049 801 1276 859 retiarii
1328 799 1578 858 tunicati
1635 801 1893 875 quinque
1944 817 2073 857 cum
2127 797 2372 858 totidem
2422 798 2788 859 secutoribus

486 909 921 982 pugnauerunt.

685 1003 796 1061 Sed
828 1024 900 1062 ne
943 1004 1228 1063 secutoris
1255 1002 1490 1080 quidem
1533 1021 1739 1060 nomen
1769 1002 1943 1079 plane
1987 1001 2178 1061 caruit
2212 1001 2574 1073 mutatione;
2621 1004 2789 1059 extat

486 1106 637 1163 enim
682 1104 892 1164 titulus
937 1102 1067 1163 CIL
1104 1105 1182 1162 VI
1231 1105 1375 1174 631,
1429 1102 1529 1161 ubi
1575 1107 1811 1180 praeter
1864 1102 2149 1161 Thraeces
2207 1101 2580 1179 oplomachos
2638 1120 2787 1159 esse·

490 1205 688 1264 darios
735 1205 1131 1263 murmillones
1187 1192 1605 1281 prouocatores
1661 1205 1933 1262 retiarios
1992 1223 2092 1262 sex
2144 1205 2520 1262 nominantur
2562 1203 2787 1278 gladia·

488 1309 668 1375 tores,
725 1324 973 1381 quorum
1036 1305 1371 1363 nominibus
1416 1305 1734 1381 ascriptum
1780 1309 1871 1362 est
1923 1296 2162 1366 >RET.
2248 1301 2484 1362 Littera
2528 1302 2573 1362 G
2615 1322 2789 1362 uersa

491 1426 618 1464 cum
665 1405 813 1463 aliae
856 1425 951 1462 res
998 1406 1402 1480 significantur
1445 1411 1569 1463 tum
1613 1405 1977 1483 praepositio
2024 1403 2335 1479 ,‚contra“;
2382 1409 2690 1481 praeterea
2729 1405 2789 1461 in

488 1507 668 1566 titulo
713 1506 892 1565 Henz.
943 1507 1105 1565 6174
1134 1527 1215 1552 =
1241 1505 1434 1564 wilm.
1474 1507 1635 1564 2616
1682 1505 1931 1580 legitur:
1980 1507 2124 1577 „fcc.
2168 1505 2463 1582 Longinas
2509 1505 2609 1564 lib.
2659 1524 2789 1562 con·

490 1612 713 1668 trarete
758 1607 930 1666 fratri
973 1607 1030 1666 b.
1079 1606 1191 1666 m.“
1280 1608 1552 1683 Apparet
1600 1609 1785 1684 igitur
1843 1609 2021 1665 etiam
2075 1609 2131 1664 in
2187 1606 2287 1664 illo
2346 1606 2525 1665 titulo
2571 1598 2790 1668 >RET

492 1709 603 1766 hoc
662 1708 832 1768 modo
893 1729 1017 1767 esse
1073 1708 1500 1785 explicandum.
1588 1708 1803 1768 Latere
1862 1707 1970 1766 sub
2031 1708 2141 1768 hoc
2183 1709 2415 1766 nomine
2457 1714 2789 1766 secutorum

493 1829 675 1884 genus
719 1808 853 1868 inde
895 1810 1268 1888 perspicitur,
1339 1808 1497 1886 quod
1545 1814 1843 1868 secutores
1888 1811 1950 1866 in
1995 1808 2096 1866 illo
2141 1809 2317 1867 titulo
2360 1809 2573 1867 desunt
2617 1815 2793 1885 atque

495 1930 564 1969 ea
609 1916 805 1969 aetate
846 1941 926 1950 —
973 1912 1350 1970 nominantur
1403 1911 1464 1967 in
1508 1910 1685 1968 titulo
1738 1911 2002 1969 consules
2048 1930 2099 1968 a.
2146 1909 2207 1969 O.
2262 1911 2376 1969 177
2426 1939 2499 1951 -
2546 1910 2792 1979 retiarii,

489 2017 560 2069 ut
624 2013 778 2069 infra
838 2012 1167 2070 uidebimus
1191 2055 1207 2086 ‚
1284 2031 1414 2070 cum
1477 2010 1847 2070 secutoribus
1913 2016 2145 2070 tantum
2212 2005 2791 2088 componebantur2).

494 2111 712 2170 Tamen
753 2109 895 2171 haec
924 2114 1176 2170 mutatio
1221 2131 1324 2170 nec
1368 2112 1468 2170 diu
1515 2132 1620 2170 nec
1648 2113 1850 2170 multis
1893 2112 2035 2171 locis
2066 2114 2183 2171 uim
2233 2110 2507 2170 habuisse
2535 2110 2791 2178 uidetur,

497 2213 771 2288 quoniam
819 2213 1135 2289 scriptores
1179 2231 1365 2289 aeque
1408 2214 1767 2290 posteriores
1811 2233 1878 2271 ac
1920 2214 2143 2290 priores
2189 2217 2522 2272 secutorum
2565 2229 2793 2288 semper

496 2317 746 2370 utuntur
807 2313 1037 2370 nomine
1053 2313 1123 2385 ³).
1241 2312 1512 2374 Ceterum
1572 2321 1633 2373 et
1698 2316 2014 2391 scriptores
2080 2315 2345 2372 exeuntis
2413 2313 2627 2371 saeculi
2694 2312 2792 2383 lv,

494 2412 662 2471 uelut
702 2412 1057 2473 Prudentius
1103 2408 1202 2490 (cf.
1248 2435 1307 2492 p.
1357 2413 1524 2494 20‚1)
1569 2421 1749 2491 atque
1793 2416 2077 2492 imprimis
2123 2415 2299 2475 schol.
2343 2414 2641 2473 quenalis
2689 2409 2789 2491 (cf.

495 2534 553 2590 p.
608 2513 732 2594 10),
792 2521 852 2575 et
898 2500 1271 2576 monumenta
1315 2517 1472 2576 illius
1529 2520 1762 2586 aetatis,
1830 2517 1999 2576 uelut
2052 2517 2279 2576 musiua
2336 2515 2791 2593 burghesianum

494 2613 593 2693 (de
641 2615 815 2676 Rossi
864 2617 1003 2677 bull.
1050 2617 1110 2676 di
1154 2618 1312 2677 arch.
1360 2620 1523 2677 crist.
1568 2617 1617 2675 V
1659 2612 1765 2694 87)
1810 2617 2181 2693 Nennigense
2239 2610 2665 2695 (Wilmowsky,
2731 2615 2789 2674 d.

498 2724 642 2775 rom.
689 2707 843 2776 Villa
895 2739 966 2777 zu
1015 2714 1273 2795 Nennig)
1329 2718 1782 2790 winkelmanni,
1847 2722 2141 2777 secutores
2192 2723 2254 2776 et
2294 2718 2563 2777 retiarios
2610 2736 2794 2793 usque

497 2818 569 2876 ad
618 2824 881 2877 extrema
921 2818 1290 2896 gladiaturae
1332 2823 1602 2896 tempora
1644 2818 1914 2879 floruisse
1957 2838 2062 2878 nos
2106 2820 2335 2878 docent.

1198 3152 1228 3225 ἓ
1274 3154 1330 3213 3.
1419 3151 1516 3212 De
1555 3144 2093 3231 oplomachis4).

649 3287 737 3347 cf.
784 3288 945 3417 Lipg
985 3288 1044 3346 II
1088 3308 1137 3349 c.
1195 3289 1288 3360 11,
1332 3288 1511 3347 Henz.
1554 3307 1616 3364 p.
1672 3289 1788 3345 109
1822 3307 1931 3364 sq.‚
1976 3271 2342 3344 Friedlaend.
2387 3303 2446 3359 p.
2496 3284 2634 3340 519.

696 3449 931 3528 Lipsius
961 3449 1184 3509 dicens:
1235 3443 1602 3529 „(Samnitis)
1632 3465 1842 3506 nomen
1885 3445 2122 3504 uidetur
2155 3444 2367 3504 abiisse
2409 3443 2470 3501 in
2501 3441 2798 3520 hoploma-

702 3749 748 3812 1)
785 3744 1122 3800 Samnitium
1176 3762 1379 3799 nomen
1424 3745 1535 3798 iam
1584 3760 1698 3797 non
1746 3742 2024 3811 placuisse
2060 3741 2302 3806 uidetur,
2355 3757 2424 3793 ne
2460 3738 2799 3809 gladiatores

501 3831 726 3887 nomine
765 3833 1099 3887 Samnitium
1135 3833 1171 3886 i.
1211 3850 1254 3886 e.
1293 3832 1500 3886 ciuium
1542 3821 1923 3885 Romanorum
1961 3830 2403 3899 appellarentur;
2454 3828 2526 3881 ob
2563 3827 2794 3881 eandem

500 3939 719 3977 causam
759 3921 1041 3976 Gallorum
1079 3936 1280 3973 nomen
1316 3918 1551 3987 periisse
1589 3918 1831 3973 uidetur.

700 4008 758 4078 2)
778 4008 1010 4062 Rectam
1033 4006 1467 4077 explicationem
1486 4006 1707 4061 inuenit
1727 4006 2058 4073 Mommsen3
2080 4004 2153 4059 cf.
2175 4007 2364 4057 notam
2386 4003 2454 4057 ad
2474 4003 2798 4057 CILV1631.

700 4097 756 4167 3)
795 4096 1198 4152 Friedlaender
1236 4115 1361 4152 cum
1402 4097 1538 4151 alibi
1572 4102 1693 4151 tum
1732 4095 1839 4151 hoc
1875 4096 1998 4150 loco
2038 4112 2173 4163 rem,
2212 4111 2352 4162 quae
2395 4094 2561 4147 semel
2598 4090 2802 4144 accidit

502 4192 598 4241 aut
636 4204 843 4256 paruae
878 4185 984 4240 fuit
1010 4186 1379 4251 auctoritatis,
1420 4203 1620 4255 parum
1644 4190 1805 4240 caute
1830 4189 1999 4253 auget
2035 4184 2122 4238 vel
2147 4183 2415 4250 extendit,
2448 4180 2605 4250 quasi
2643 4196 2800 4233 num-

502 4293 668 4344 quam
693 4294 802 4330 non
832 4275 1112 4344 extiterit3
1139 4274 1209 4328 cf.
1238 4275 1355 4328 eius
1377 4275 1575 4328 uerba:
1619 4273 1771 4343 „mie
1802 4272 2094 4327 Secutores
2122 4269 2401 4339 scheinen)
2428 4268 2758 4324 besonder
2776 4285 2801 4321 s

504 4365 832 4418 Contrarete
868 4367 1113 4432 genannt
1149 4363 1373 4417 worden
1412 4381 1478 4416 zu
1512 4361 1681 4416 sein“.

702 4452 761 4523 4)
798 4452 890 4507 Sic
928 4453 1180 4508 scribunt
1217 4469 1406 4506 omnes
1448 4451 1602 4506 tituli
1640 4450 1794 4520 (IRN
1821 4451 1945 4519 737,
1981 4450 2096 4504 CIL
2124 4450 2175 4503 11
2207 4449 2359 4518 1739,
2395 4446 2468 4502 IV
2504 4445 2666 4518 2508)
2711 4463 2801 4501 ex·

502 4545 663 4613 cepto
712 4540 878 4596 titulo
915 4558 961 4597 a.
1004 4542 1106 4596 177
1143 4541 1258 4595 CIL
1283 4539 1358 4595 VI
1395 4540 1528 4607 6313
1585 4539 1645 4593 in
1692 4539 1919 4593 Sueton.
1960 4538 2130 4609 Calig.
2168 4540 2237 4594 35
2295 4540 2494 4592 contra
2528 4535 2800 4589 librorum
