3190 5037
534 1242 854 1321 Postquam
898 1242 1382 1321 philosophorum
1429 1245 1822 1304 Bonnensium
1872 1243 2017 1303 ordo
2062 1244 2454 1322 amplissimus
2497 1264 2634 1321 pro-

331 1347 527 1420 posit-a
578 1364 730 1403 anno
785 1343 1304 1404 MDCCGIAEXIX
1361 1366 1433 1404 ex
1486 1347 1762 1403 instituto
1822 1343 2230 1403 Welckeriano
2293 1345 2635 1422 quaestione

333 1443 472 1504 hac:
545 1445 953 1523 „gladiaturae
1010 1445 1307 1504 Romanae
1359 1446 1610 1505 historia
1678 1466 1751 1504 ex
1804 1446 2155 1523 scriptorum
2209 1451 2271 1503 et
2323 1444 2634 1503 titulorum

333 1546 686 1605 testimoniis
741 1548 1006 1623 artisque
1048 1548 1437 1604 monumentis
1491 1540 1852 1623 explicetur“
1902 1545 2391 1621 dissertationem,
2457 1563 2634 1619 quam

332 1643 405 1703 de
465 1645 572 1705 hac
623 1667 688 1705 re
748 1647 976 1723 scripsi,
1047 1648 1307 1723 praemio
1358 1647 1592 1723 dignam
1649 1667 1774 1705 esse
1828 1647 2078 1722 benigne
2130 1651 2223 1704 est
2286 1645 2631 1716 arbitratus,

331 1751 562 1820 partem
618 1747 743 1805 eius
803 1748 947 1804 uiris
1000 1746 1187 1805 doctis
1247 1767 1514 1825 propono
1565 1747 1889 1824 praemissa
1943 1746 2016 1804 de
2074 1744 2336 1804 Suetonii
2387 1745 2635 1802 historia

333 1845 556 1904 ludicra
608 1848 648 1921 i.
713 1867 763 1905 e.
833 1846 907 1904 de
970 1849 1319 1923 grauissimo
1383 1849 1442 1905 in
1509 1848 1687 1906 rebus
1755 1847 1992 1905 ludicris
2061 1847 2223 1904 fonte
2281 1851 2631 1905 commenta-

330 1946 614 2007 tiuncula.

1335 2491 1546 2577 Caput
1584 2492 1634 2558 Ι.

529 2655 740 2715 Suidas
793 2658 855 2716 in
911 2658 1199 2717 librorum
1247 2657 1510 2717 Suetonii
1558 2657 1888 2735 Tranquilli
1940 2656 2207 2730 catalogo
2256 2654 2403 2714 duos
2459 2654 2634 2714 affert

328 2756 544 2815 libros:
614 2753 745 2831 περὶ
788 2760 900 2815 τῶν
942 2754 1075 2833 παρ’
1114 2752 1342 2834 Ἕλλησι
1386 2754 1632 2815 παιδιῶν
1673 2752 1901 2834 βιβλίον
1943 2764 1985 2815 ᾶ
2042 2762 2103 2816 et
2147 2752 2278 2833 περὶ
2319 2751 2432 2812 τῶν
2472 2751 2635 2833 παρὰ

323 2849 628 2929 Ῥωμαίοις
669 2856 941 2934 θεωριῶν
982 2857 1081 2916 καὶ
1125 2847 1367 2935 ἀγώνων
1408 2854 1609 2935 βιβλία
1628 2842 1698 2934 βξ
1742 2878 1890 2934 quos
1919 2856 2334 2916 Reifferscheid
2366 2851 2633 2929 (Sueton.

328 2954 538 3030 reliqu.
604 2976 665 3031 p.
713 2958 828 3013 461
881 2958 995 3034 sq.)
1058 2959 1204 3017 duas
1261 2961 1432 3017 unius
1485 2960 1622 3019 libri
1676 2960 1749 3018 de
1809 2960 2058 3018 historia
2100 2958 2327 3018 ludicra
2376 2959 2415 3017 i.
2462 2978 2510 3018 e.
2561 2959 2634 3017 de

328 3053 554 3113 lusibus
596 3060 658 3113 et
689 3054 928 3116 Graecis
972 3063 1034 3117 et
1064 3059 1344 3117 Romanis
1390 3064 1569 3135 atque
1607 3060 1679 3117 de
1723 3060 2073 3137 spectaculis
2103 3060 2412 3135 utriusque
2440 3060 2634 3134 gentis

327 3154 508 3213 fuisse
550 3160 754 3234 partes
803 3158 1070 3229 coniecit,
1117 3159 1203 3216 ita
1246 3163 1314 3216 ut
1358 3158 1572 3218 Suidae
1628 3161 1837 3219 fuisset
1880 3159 2279 3219 scribendum:
2351 3155 2483 3233 περὶ
2523 3161 2635 3217 τῶν

329 3248 465 3333 παρ’
499 3248 729 3333 ‘'El-hyon
759 3253 1002 3315 παιδιῶν
1042 3255 1141 3316 καὶ
1172 3253 1415 3336 ἀγώνων
1452 3255 1651 3337 βιβλία
1688 3242 1761 3338 β,
1801 3257 1932 3336 περὶ
1973 3262 2087 3317 τῶν
2130 3255 2289 3336 παρὰ
2329 3253 2637 3335 Ῥωμαίοις

327 3352 574 3415 παιδιῶν
637 3354 739 3415 καὶ
801 3357 1071 3433 θεωριῶν
1122 3354 1321 3435 βιβλία
1362 3343 1509 3436 βῑ).
1594 3360 1811 3419 Incidit
1872 3362 1966 3419 uir
2031 3362 2304 3437 egregius
2359 3363 2418 3418 in
2470 3363 2633 3421 illam

329 3459 681 3517 sententiam
737 3459 1023 3536 imprimis
1076 3464 1324 3536 propter
1385 3460 1501 3519 duo
1546 3459 1808 3519 Suetonii
1864 3461 2215 3538 fragmenta,
2282 3481 2434 3538 quae
2476 3461 2631 3521 hunc

330 3560 504 3617 etiam
565 3559 638 3619 de
684 3560 1079 3619 Romanorum
1144 3560 1370 3619 lusibus
1435 3561 1738 3639 scripsisse
1803 3563 2070 3621 euincere
2133 3562 2185 3619 ei
2250 3562 2631 3621 uidebantur:

540 3767 591 3835 1)
631 3765 878 3822 Similem
927 3766 1031 3821 etsi
1073 3766 1250 3821 multo
1300 3765 1481 3820 minus
1529 3765 1879 3836 probabilem
1935 3766 2305 3821 coniecturam
2354 3767 2464 3820 iam
2502 3771 2632 3821 ante

336 3851 850 3909 Reifferscheidium
876 3854 1193 3925 protulerat
1219 3856 1436 3926 Regent
1460 3855 1554 3924 (de
1585 3854 1733 3920 Suet.
1763 3855 1882 3914 uita
1908 3859 1965 3910 et
1990 3855 2231 3924 scriptia,
2256 3855 2382 3909 diss.
2407 3854 2631 3910 Vratisl.

335 3941 491 4005 1856,
532 3959 586 4010 p.
623 3944 656 3995 8
694 3946 848 4012 sqq),
907 3944 1003 4011 qui
1052 3944 1107 3996 in
1158 3943 1305 3997 libro
1351 3964 1413 3996 π.
1457 3944 1568 3997 τῶν
1614 3942 1743 4012 παρ’
1788 3938 1867 3997 Ἕ.
1916 3943 2155 3997 παιδιῶν
2191 3942 2359 3996 etiam
2408 3942 2631 4012 publica

328 4029 663 4085 Graecorum
689 4035 994 4086 certamina
1015 4037 1070 4087 et
1091 4033 1148 4087 in
1167 4032 1298 4087 libri
1324 4053 1384 4086 π.
1409 4033 1521 4087 τῶν
1539 4030 1691 4101 παρὰ
1720 4030 1793 4085 Ῥ.
1821 4034 2069 4102 θεωριῶν
2088 4034 2178 4084 καὶ
2204 4025 2437 4100 ἀγώνων
2474 4034 2633 4101 parte

332 4118 509 4171 altera
546 4120 719 4189 lusus,
765 4120 940 4174 altera
976 4121 1198 4190 publica
1234 4120 1552 4189 spectacula
1591 4121 1821 4189 putauit
1867 4120 2036 4174 fuisse
2081 4122 2341 4173 tractata.
2400 4119 2629 4174 Reiffer-

328 4203 633 4258 scheidium
677 4225 858 4277 nuper
905 4214 1126 4263 secutus
1179 4213 1262 4261 est
1305 4208 1624 4278 Leopoldus
1673 4207 1826 4261 Cohn
1885 4208 1943 4261 in
2000 4207 2465 4262 commentatione
2519 4225 2630 4261 non

329 4293 444 4342 tam
481 4292 708 4360 copiosa
745 4312 910 4362 quam
947 4296 1116 4367 longa
1157 4295 1226 4366 de
1265 4295 2039 4366 Aristophanaetfiuetonio
2075 4295 2355 4356 Eustathii
2393 4296 2630 4368 auctori-

327 4377 446 4460 Q
470 4378 763 4447 (Fleckeis.
802 4385 981 4438 annal.
1018 4385 1284 4455 supplem.
1312 4385 1416 4439 XII
1446 4403 1498 4455 p.
1527 4384 1657 4455 354)
1697 4385 1861 4438 nouis
1900 4384 2242 4455 argumentis
2277 4401 2389 4437 non
2427 4384 2628 4438 allatis.

328 4467 699 4537 Quaecunque
736 4477 932 4526 contra
973 4472 1492 4529 Reifferscheidium
1530 4474 1809 4542 dicentur,
1849 4475 2018 4528 etiam
2055 4473 2316 4543 Regentii
2353 4476 2411 4528 et
2437 4473 2629 4528 Cohnii

327 4558 660 4613 sententiam
700 4558 1012 4629 adtingent.

2194 4658 2222 4707 1
