3190 5037
1560 313 1594 366 9

434 495 764 553 meretrices
792 491 1031 551 nudatis
1080 486 1088 587 Ι
1127 490 1380 550 editione
1408 489 1701 561 ludorum,
1748 510 1893 567 quos
1911 478 1914 483 ’
1933 491 2235 569 appellant
2264 491 2537 551 Floralia.
2568 491 2727 568 quod

433 594 777 672 corporibus
801 615 909 672 per
932 614 1034 654 ua·
1129 593 1268 668 quia
1337 593 1569 650 senatui
1633 591 1989 667 flagitiosum
2054 591 2389 662 uidebatur,
2456 592 2530 650 ab
2595 593 2724 670 ipso

433 699 552 755 rias
594 701 752 755 artes
793 695 1034 755 ludendi
1127 693 1357 751 nomine
1400 697 1809 768 argumentum
1847 693 1995 751 sumi
2030 693 2272 770 placuit,
2316 698 2384 751 ut
2418 693 2726 769 pudendae

432 797 788 855 discurrunt.
835 816 967 854 nam
998 817 1034 855 a
1127 794 1212 851 rei
1261 792 1547 869 quaedam
1593 792 1849 868 dignitas
1893 792 2229 851 adderetur.
2317 792 2497 851 Deam
2543 792 2723 850 finxe-

435 897 611 956 Flora
629 899 933 955 meretrice
948 898 1033 954 in-
1125 899 1265 952 runt
1307 912 1452 963 esse,
1521 913 1671 970 quae
1716 892 1964 950 floribus
2009 893 2233 970 praesit
2276 913 2521 969 eamque
2551 913 2725 971 opor-

430 998 628 1057 stituti
669 999 893 1056 suntin
931 995 1034 1056 ho·
1125 1000 1254 1053 tere
1294 994 1533 1071 placari,
1582 1000 1651 1054 ut
1692 994 1893 1070 fruges
1935 1014 2062 1052 cum
2105 993 2413 1052 arboribus
2443 1000 2547 1052 aut
2589 995 2725 1053 uiti-

432 1118 630 1156 norem
647 1098 1032 1171 Floraedeae,
1126 1094 1234 1152 bus
1279 1094 1425 1153 bene
1466 1114 1866 1172 prospereque
1894 1093 2267 1153 florescerent
2300 1141 2313 1153 .
2361 1139 2375 1153 .
2422 1138 2435 1152 .
2483 1112 2530 1165 .;
2578 1095 2725 1153 cele-

430 1200 842 1275 quaefloribus
861 1220 1028 1276 prae·
1124 1195 1375 1253 brantur
1427 1213 1566 1269 ergo
1620 1194 1707 1253 illi
1762 1193 1886 1251 ludi
1930 1213 2059 1253 oum
2104 1196 2259 1252 omni
2302 1195 2544 1254 lasciuia
2587 1214 2722 1254 con-

430 1305 540 1361 est.
1125 1298 1427 1355 uenienter
1490 1296 1803 1354 memoriae
1878 1297 2216 1354 meretricis.
2277 1315 2410 1355 nam
2485 1301 2724 1373 praeter

1124 1397 1439 1457 uerborum
1486 1398 1800 1473 licentiam,
1867 1397 2082 1473 quibus
2127 1396 2492 1455 obscaenitas
2538 1399 2722 1456 omnis

1124 1498 1463 1570 effunditur,
1543 1503 1837 1556 exuuntur
1912 1498 2088 1556 etiam
2158 1497 2427 1556 uestibus
2502 1498 2721 1575 populo

1120 1598 1428 1673 flagitante
1472 1601 1828 1675 meretriceS,
1871 1617 2022 1674 quae
2063 1603 2203 1657 tuno
2248 1600 2549 1657 mimarum
2592 1599 2723 1656 fun-

1119 1703 1344 1773 guntur
1385 1698 1576 1757 officio
1628 1703 1689 1757 et
1733 1699 1793 1755 in
1840 1703 2153 1775 conspectu
2185 1699 2388 1774 populi
2434 1719 2618 1775 usque
2646 1698 2721 1756 ad

1119 1799 1449 1857 satietatem
1507 1798 1935 1875 impudicorum
1983 1799 2265 1856 luminum
2323 1819 2452 1856 cum
2496 1800 2719 1877 puden·

1118 1900 1206 1958 dis
1252 1899 1505 1959 motibus
1548 1900 1903 1960 detinentur.

429 2013 784 2089 Scholiastes
845 2015 1080 2091 quidem
1124 2021 1194 2074 ut
1251 2016 1401 2076 solet
1431 2012 1478 2092 ¹)
1523 2018 1915 2075 narrationem
1959 2019 2047 2075 ita
2090 2017 2401 2087 contraxit,
2469 2021 2539 2075 ut
2582 2032 2721 2075 non-

427 2117 588 2175 nulla
639 2117 823 2176 uerba
873 2118 1035 2176 velut
1094 2140 1165 2189 „a
1217 2119 1394 2177 Flora
1458 2120 1763 2178 meretrice
1822 2120 2083 2178 instituti
2131 2124 2269 2177 sunt
2319 2119 2377 2175 in
2443 2119 2719 2176 honorem

426 2217 639 2277 Florae
685 2212 865 2277 deae“
918 2239 1127 2296 parum
1182 2220 1337 2278 clare
1392 2221 1772 2296 proferantur
1821 2226 1881 2279 et
1932 2224 2269 2297 comparato
2321 2219 2552 2277 demum
2608 2219 2719 2276 La·

427 2320 631 2380 etantii
672 2320 800 2379 loco
849 2319 1119 2378 uberiore
1160 2321 1580 2396 intellegantur
1604 2318 1675 2396 ²).

625 2420 761 2480 Dixi
805 2426 982 2480 antea
1023 2423 1494 2481 commentatoris
1540 2427 1735 2480 aetate
1778 2423 1816 2481 i.
1862 2442 1911 2480 e.
1957 2427 2205 2480 exeunte
2234 2421 2465 2481 saeculo
2509 2427 2722 2498 quarto

629 2583 681 2652 1)
719 2583 839 2638 Hac
874 2585 933 2638 in
969 2602 1032 2638 re
1065 2601 1179 2639 non
1216 2586 1506 2639 consentio
1548 2603 1674 2639 cum
1700 2585 1957 2653 Matthia,
1997 2586 2089 2653 qui
2130 2587 2186 2639 in
2226 2584 2621 2639 dissertatione·
2652 2585 2719 2639 de

423 2672 702 2725 quenalis
740 2672 962 2727 scholiis
999 2673 1197 2743 (Halae
1227 2676 1363 2727 1875
1391 2692 1446 2742 p.
1474 2677 1507 2726 8
1534 2672 1639 2742 sq.)
1674 2673 1809 2727 talia
1833 2691 1943 2728 non
1982 2678 2095 2727 tam
2122 2675 2290 2743 primi
2326 2676 2720 2728 commentato-

425 2762 520 2829 ris,
557 2778 722 2829 quam
752 2761 974 2816 librarii
1010 2762 1395 2832 neglegentiae
1423 2762 1748 2816 uindicauit.
1824 2762 1988 2817 Cuius
2025 2763 2105 2815 rei
2143 2763 2538 2831 grauissimum
2565 2766 2720 2816 extat

424 2849 736 2917 exemplum
785 2851 844 2902 in
899 2850 1110 2903 scholio
1167 2851 1237 2903 ad
1284 2850 1414 2905 XIV
1452 2852 1537 2917 91,
1595 2850 1691 2904 ubi
1741 2850 2035 2904 Suetonius
2086 2850 2274 2904 Claud.
2316 2852 2386 2903 28
2435 2850 2719 2918 excriptus

425 2942 526 3003 est,
565 2937 663 2991 sed
699 2940 795 3007 ita,
845 2944 907 2991 ut
944 2956 1024 3007 ea,
1065 2957 1206 3008 quae
1243 2956 1274 2991 a
1309 2939 1575 2993 Suetonio
1630 2939 1699 2992 de
1754 2939 1936 2992 tribus
1993 2939 2208 2993 libertis
2246 2938 2474 2992 Posside
2532 2938 2717 2991 Felice

423 3026 711 3094 Harpocra
749 3033 1070 3093 narrantur,
1123 3027 1219 3080 uni
1253 3027 1514 3081 Possidae
1552 3026 1963 3081 adtribuantur.
2038 3028 2300 3081 Matthias
2339 3026 2540 3081 Felicis
2578 3027 2716 3081 Har·

423 3132 735 3185 poeraeque
771 3115 998 3169 nomina
1043 3115 1244 3170 omissa
1291 3131 1408 3169 esse
1447 3133 1479 3169 a
1516 3115 1748 3170 librario
1789 3120 1967 3185 putat,
2027 3116 2125 3169 sed
2171 3115 2323 3169 nulla
2372 3120 2496 3169 erat
2535 3132 2718 3182 causa,

424 3221 526 3258 cur
562 3199 648 3257 de*
668 3203 754 3257 his
801 3221 1021 3272 quoque
1066 3204 1203 3257 uiris
1254 3207 1536 3274 ageretur,
1589 3204 1851 3273 quoniam
1897 3205 2178 3259 quenalis
2227 3205 2294 3259 de
2341 3221 2450 3258 uno
2491 3203 2719 3258 Posside

422 3291 684 3360 loquitur.
757 3293 953 3360 Itaque
989 3297 1224 3362 apparet
1260 3292 1701 3362 (grammaticum
1738 3294 1922 3363 ipsum
1971 3297 2067 3347 aut
2103 3293 2456 3363 neglegentia
2493 3296 2591 3347 aut
2626 3310 2716 3346 ex-

421 3371 733 3449 aggerandi¹
785 3380 1016 3434 libidine
1077 3384 1287 3435 motum
1342 3381 1594 3435 Suetonii
1649 3382 1831 3436 locum
1887 3381 2225 3436 immutasse.
2333 3381 2525 3450 Neque
2582 3398 2716 3435 uero

423 3468 586 3522 aliter
631 3486 690 3521 se
736 3485 825 3521 res
866 3467 1037 3522 habet
1083 3471 1142 3522 in
1182 3469 1389 3523 scholio
1439 3469 1511 3523 ad
1556 3469 1607 3522 X
1647 3471 1768 3534 330,
1827 3470 1919 3523 ubi
1960 3487 2022 3523 ea
2071 3470 2192 3538 ipsa
2232 3470 2499 3533 narratiO,
2552 3487 2715 3538 quam

424 3555 719 3611 Suetonius
778 3556 965 3611 Claud.
1004 3557 1077 3611 29
1125 3562 1189 3611 ut
1243 3557 1436 3611 falsam
1490 3556 1790 3627 fictamque
1844 3558 2053 3621 reiecit,
2116 3557 2468 3612 Suetonianis
2531 3558 2717 3612 uerbis

424 3661 681 3714 expressa
727 3662 790 3699 ac
838 3645 957 3699 sine
1003 3645 1118 3699 ulla
1165 3646 1515 3701 dubitatione
1551 3647 1769 3715 prolata
1808 3645 2031 3716 legitur,
2080 3653 2176 3700 aut
2219 3646 2276 3699 in
2313 3647 2522 3702 scholio
2560 3646 2631 3699 ad
2667 3646 2717 3699 X

424 3734 510 3796 93,
572 3733 668 3786 ubi
720 3733 893 3802 ipsius
932 3732 1178 3788 Suetonii
1237 3735 1462 3788 nomine
1507 3735 1787 3804 appellato
1846 3734 1914 3788 de
1961 3734 2170 3804 Caprea
2210 3736 2390 3788 insula
2436 3738 2717 3803 narratur,

425 3820 576 3888 quod
611 3820 706 3875 1116
739 3822 905 3896 (Aug.
928 3824 1018 3891 98)
1056 3822 1125 3875 de
1163 3822 1340 3876 insula
1380 3822 1625 3890 Capreae
1664 3822 1849 3875 uicina
1886 3821 2048 3875 dixit.

625 3908 682 3979 2)
729 3908 1132 3964 Reifferscheid
1175 3929 1229 3979 p.
1269 3913 1370 3965 351
1411 3928 1489 3980 sq.
1529 3910 1701 3965 refert
1754 3916 2049 3980 utrumque
2100 3910 2282 3965 locum
2338 3910 2409 3965 ad
2462 3910 2715 3964 Suetonii

422 3996 628 4050 librum
666 3996 736 4051 de
779 3998 943 4053 claris
981 3998 1387 4054 meretricibus.
1461 3999 1541 4054 De
1566 3998 1860 4053 Lactantio
1900 3999 2161 4067 concedo,
2199 3999 2329 4067 quia
2365 3999 2435 4053 ab
2474 4015 2537 4052 eo
2575 3997 2717 4052 aliae

424 4103 643 4154 quoque
679 4084 862 4140 clarae
899 4088 1217 4141 meretrices
1254 4086 1370 4142 illic
1406 4092 1798 4142 memorantur.
1874 4086 1981 4141 Sed
2017 4087 2370 4142 scholiastam
2409 4088 2530 4141 ueri
2569 4087 2715 4140 simi-

422 4174 530 4228 lius
569 4173 705 4228 mihi
742 4192 858 4229 esse
898 4175 1122 4230 uidetur
1146 4176 1342 4230 eodem
1380 4176 1542 4243 libro,
1586 4194 1749 4244 quem
1788 4177 1989 4230 ceteris
2028 4176 2098 4230 ad
2136 4194 2225 4230 res
2262 4176 2506 4230 ludicras
2545 4176 2714 4245 perti-

420 4263 682 4316 nentibus
722 4263 855 4318 loeis
896 4265 1166 4333 sequitur,
1213 4283 1369 4319 usum
1409 4282 1542 4320 esse.
1616 4266 1756 4319 Nam
1794 4270 2221 4320 consentaneum
2264 4269 2350 4319 est
2388 4264 2713 4319 Suetonium

421 4349 712 4405 mirificam
747 4352 896 4407 illam
938 4355 1314 4407 narrationem
1355 4354 1425 4407 de
1451 4353 1779 4418 Floralibu8‚
1825 4355 1871 4407 si
1909 4353 2164 4408 adhibuit
2202 4354 2259 4406 in
2285 4353 2429 4407 libro
2455 4353 2523 4407 de
2548 4354 2715 4407 elaris
2755 4421 2764 4428 ς

422 4439 833 4509 meretricibus,
890 4442 1210 4496 adhibuisse
1265 4443 1434 4496 etiam
1485 4444 1543 4496 in
1600 4442 1745 4497 libro
1797 4443 1864 4497 de
1911 4442 2145 4497 historia
2181 4442 2398 4497 ludicra
2435 4446 2600 4512 atque
2647 4458 2712 4495 eo

421 4527 644 4597 quidem
681 4527 862 4595 modo,
907 4534 969 4583 ut
1005 4530 1151 4585 inter
1187 4531 1322 4585 alias
1358 4536 1693 4586 memoraret
1731 4530 2062 4600 complures,
2100 4531 2250 4585 sicut
2284 4531 2335 4584 ei
2372 4548 2491 4585 mos
2528 4533 2663 4583 erat.
