3190 5037
1568 317 1638 370 29

464 493 689 566 fascias,
757 493 968 571 quibus
1007 491 1424 552 Friedlaender
1469 490 1674 551 Galeni
1731 490 1927 549 uerbis
1971 491 2130 548 nisus
2186 484 2287 568 (de
2335 489 2532 550 fasciis
2576 512 2625 550 c.
2674 492 2750 550 32

460 593 653 651 XVIII
686 614 721 653 a
768 595 884 654 797
932 588 1154 670 Kiihn):
1199 588 1262 651 τὸ
1313 585 1708 670 ἥμιρρόμβιον
1764 586 2087 668 προςλαβὸν
2135 579 2203 647 τοὶ
2261 585 2594 667 καλούμενα
2636 577 2751 649 ὦτα

461 688 637 764 οὕτως
678 680 1017 770 ὅνομάζεται
1051 707 1063 719 ·
1092 689 1367 753 ἐπιδεῖται
1407 689 1460 751 δ’
1506 687 1632 770 ἤτοι
1676 687 2022 769 εὐπρεπείας
2053 680 2228 769 χάριν
2268 687 2332 750 ἐν
2372 687 2756 770 μονομαχίαις

460 800 569 879 cet.
623 815 728 854 suo
782 797 910 854 iure
965 815 1093 854 cum
1143 796 1287 854 alios
1338 795 1701 872 gladiatores
1753 794 1923 870 galea
1966 798 2231 852 carentes
2274 798 2403 851 tum
2447 794 2751 853 retiarium

459 915 628 955 usum
676 917 803 956 esse
846 896 1175 968 contendit;
1239 898 1322 955 eis
1372 898 1526 954 enim
1567 896 1896 955 instructus
1941 899 2032 952 est
2073 896 2123 952 is
2166 894 2462 971 gladiator
2510 895 2750 972 anagly-

461 996 566 1075 phi
624 998 961 1076 Pompeiani
1023 991 1195 1075 (buu.
1225 998 1380 1076 Nap.
1419 997 1498 1055 IV
1528 997 1653 1057 tab.
1685 989 1766 1075 Ι),
1841 996 1942 1072 qui
2000 1000 2247 1074 propter
2313 996 2571 1073 galerum
2642 1015 2753 1073 pro

458 1099 700 1158 retiario
743 1098 1042 1158 habendus
1088 1094 1262 1173 est1).
1358 1098 1536 1157 Scuta
1577 1118 1722 1157 uero
1778 1099 2033 1157 retiariis
2078 1097 2332 1156 defuisse
2376 1117 2502 1156 cum
2548 1118 2752 1157 monu-

460 1205 656 1260 menta
695 1205 995 1260 testantur
1033 1208 1161 1260 tum
1204 1200 1579 1278 perspicuum
1623 1199 1693 1258 fit
1730 1219 1802 1258 ex
1833 1219 1903 1257 ea
1946 1219 2028 1271 re,
2078 1197 2234 1276 quod
2277 1198 2561 1258 fuscinam
2592 1205 2752 1257 utra-

463 1320 576 1377 que
620 1321 794 1360 manu
836 1296 1206 1377 tenebant2).

659 1401 960 1475 Pugnasse
1005 1406 1202 1460 autem
1250 1401 1523 1458 retiarios
1577 1419 1708 1458 cum
1756 1399 2222 1459 murmillonibus
2277 1404 2338 1456 et
2387 1398 2753 1459 secutoribus

462 1502 631 1560 multi
697 1506 996 1560 testantur
1048 1503 1367 1578 scriptores
1383 1493 1470 1579 3);
1533 1500 1708 1560 liceat
1760 1499 1901 1558 mihi
1948 1499 2057 1559 hoc
2107 1500 2231 1558 loco
2293 1500 2366 1558 de
2430 1502 2755 1577 posteriore

461 1607 699 1661 tantum
751 1621 925 1677 agere
967 1605 1303 1661 certamine.
1393 1601 1806 1662 consideranti
1850 1608 1913 1662 et
1953 1603 2179 1660 retiarii
2228 1607 2287 1659 et
2331 1602 2612 1660 secutoris
2656 1621 2756 1660 ar-

464 1708 756 1760 maturam
808 1702 880 1761 fit
931 1703 1301 1762 manifestum
1350 1702 1515 1761 illum
1569 1705 1631 1762 in
1687 1723 1889 1780 pugna
1948 1705 2194 1777 eminus,
2253 1702 2409 1761 hunc
2451 1704 2510 1760 in
2554 1722 2755 1779 pugna

464 1808 784 1863 comminus
825 1805 985 1862 facta
1010 1805 1259 1862 maxime
1302 1803 1572 1863 ualuisse.
1632 1803 1779 1863 Nam
1824 1805 2119 1874 retiarius,
2166 1804 2439 1879 quoniam
2487 1807 2546 1862 et
2589 1807 2756 1861 scuto

463 1911 525 1964 et
567 1906 755 1964 ocreis
800 1911 861 1964 et
903 1904 1074 1982 galea
1123 1910 1300 1980 caret,
1357 1905 1572 1983 quibus
1617 1905 1767 1983 pede
1810 1925 1937 1964 cum
1985 1904 2135 1982 pede
2180 1905 2410 1963 conlato
2455 1922 2602 1981 opus
2646 1909 2755 1974 est,

463 2005 524 2064 id
568 2025 804 2084 operam
850 2007 972 2080 dat,
1015 2012 1085 2065 ut
1109 2008 1264 2065 inter
1306 2027 1368 2065 se
1411 2013 1473 2066 et
1515 2007 1914 2066 adversarium
1945 2007 2185 2083 longum
2216 2007 2453 2064 intersit
2481 2006 2755 2083 spatium,

463 2111 524 2165 et
552 2109 779 2166 eminus
818 2112 946 2167 rete
980 2109 1068 2166 ita
1112 2106 1313 2166 studet
1354 2108 1564 2176 iacere,
1610 2114 1680 2166 ut
1708 2113 1939 2167 secutor
1968 2127 2034 2165 eo
2065 2127 2398 2185 oppressus,
2445 2106 2755 2182 quominus

464 2212 633 2267 scuto
685 2213 748 2266 et
798 2207 997 2285 gladio
1055 2206 1203 2266 bene
1261 2213 1487 2278 utatur,
1545 2207 1928 2286 impediatur3
1999 2208 2282 2266 secutoris
2330 2226 2491 2264 arma
2535 2206 2586 2264 si
2629 2209 2755 2263 rete

462 2306 609 2366 bene
652 2309 858 2368 emisso
902 2309 1202 2368 desierunt
1244 2326 1371 2368 esse
1417 2309 1764 2388 periculosa,
1822 2310 2099 2367 retiarius
2142 2329 2345 2386 pugna
2387 2327 2560 2367 uersa
2603 2325 2756 2363 com·

464 2408 652 2466 minus
711 2409 935 2468 fuscina
987 2414 1047 2467 et
1106 2411 1363 2487 pugione
1427 2409 1713 2486 impetum
1774 2408 1934 2469 facit.
2024 2408 2244 2468 Contra
2309 2415 2544 2468 secutor
2608 2408 2755 2466 nihil

463 2509 695 2568 omnino
750 2509 1123 2571 emolumenti
1179 2531 1253 2569 ex
1306 2511 1482 2570 armis
1527 2511 1649 2570 suis
1690 2531 1898 2588 capere
1943 2515 2162 2588 potest,
2223 2512 2336 2569 nisi
2380 2510 2756 2570 aduersarius

462 2614 727 2688 proxime
781 2612 967 2672 abest.
1052 2614 1144 2671 Ita
1192 2613 1280 2683 fit,
1308 2599 1317 2612 Ἀ
1345 2618 1414 2671 ut
1465 2613 1744 2671 retiarius
1804 2632 2034 2690 semper
2090 2614 2280 2687 fugiat
2342 2617 2401 2669 et
2466 2616 2754 2687 expectet,

463 2712 601 2770 dum
644 2715 869 2774 occasio
922 2713 1033 2772 sibi
1084 2713 1259 2772 detur
1311 2714 1614 2772 emittendi
1672 2714 1838 2784 retis,
1896 2718 2127 2771 secutor
2168 2732 2308 2771 uero
2347 2713 2753 2771 aduersarium

465 2819 748 2891 sequatur
814 2833 1065 2890 eumque
1127 2814 1367 2889 studeat
1425 2833 1663 2889 cogere,
1729 2819 1797 2872 ut
1866 2814 2185 2871 comminus
2245 2819 2489 2891 pugnet.
2599 2812 2759 2871 Haec

465 2915 659 2972 omnia
722 2914 941 2991 optime
964 2898 966 2900 .
990 2913 1368 2973 illustrantur
1420 2913 1648 2973 collatis
1694 2913 1924 2972 duobus
1981 2915 2265 2990 imprimis
2324 2913 2484 2986 locis,
2549 2905 2761 2971 Isidori

467 3015 615 3089 orig.
659 3013 858 3072 XVIII
887 3015 968 3073 54
999 3008 1095 3088 (cf.
1129 3035 1187 3093 p.
1222 3010 1350 3089 26),
1397 3015 1472 3071 55
1523 3013 1624 3088 (cf.
1654 3034 1713 3092 p.
1751 3015 1849 3083 21,
1896 3007 1959 3091 2)
2002 3019 2063 3071 et
2109 3013 2466 3073 Artemidori
2507 3015 2758 3073 onirocr.

465 3113 662 3173 1132:
707 3108 798 3172 ἀεὶ
845 3109 954 3191 γὰρ
999 3109 1188 3172 διώκει
1237 3108 1571 3190 (σεκούτωρ)
1598 3126 1611 3141 ·
1636 3109 1689 3171 εἰ
1740 3107 1802 3171 δὲ
1844 3107 2116 3196 ῥητιαρίῳ
2162 3106 2456 3191 (πυκτεύω
2483 3112 2603 3193 ης),
2655 3107 2759 3190 λή-

467 3224 641 3288 ψεται
684 3215 929 3292 γυναῖκα
975 3209 1196 3291 ἄπορον
1233 3212 1331 3271 καὶ
1380 3209 1661 3291 ἐρωτικὴν
1704 3211 1800 3271 καὶ
1847 3207 2085 3291 φυγάδα
2132 3211 2230 3272 καὶ
2274 3212 2458 3298 ῥᾷστα
2497 3218 2576 3298 τῷ
2617 3214 2759 3290 βου-

463 3307 690 3397 λομένῳ
734 3301 1170 3391 πλησιάζουσαν.
1225 3345 1304 3355 —-
1349 3313 1495 3374 Cum
1553 3315 1723 3373 initio
1778 3315 2109 3374 certaminis
2173 3315 2331 3374 inter
2385 3315 2757 3375 aduersarios

673 3561 726 3631 1)
765 3557 1119 3613 Chabouillet
1174 3559 1307 3614 Rev.
1360 3557 1512 3613 arch.
1565 3557 1696 3612 VIII
1747 3557 1929 3627 (1851)
1976 3576 2029 3627 p.
2081 3558 2185 3611 418
2237 3558 2401 3614 affert
2444 3560 2684 3629 clipeum
2729 3578 2759 3615 e

470 3655 623 3703 terra
660 3648 903 3718 sigillata
941 3647 1146 3724 factum
1185 3651 1240 3702 et
1275 3648 1327 3702 Ν
1331 3647 1536 3701 emausi
1577 3650 1880 3715 repertum,
1925 3648 1985 3700 in
2023 3663 2131 3715 quo
2170 3648 2430 3701 retiarius
2467 3678 2533 3686 —-
2568 3664 2761 3718 aggre-

469 3738 626 3793 ditur
667 3740 814 3793 enim
849 3738 1127 3808 gladiator
1167 3736 1415 3791 tridente
1445 3766 1512 3776 —
1551 3737 1809 3806 depictus
1850 3738 1937 3805 sit,
1976 3739 2134 3792 cuius
2171 3743 2341 3807 caput
2375 3738 2553 3807 pileus
2589 3742 2760 3809 tegat.

470 3828 702 3891 Dubito,
738 3845 869 3881 num
911 3843 1001 3881 res
1035 3828 1116 3880 ita
1151 3843 1209 3880 se
1245 3826 1466 3880 habeat.
2303 3897 2306 3901 ,

669 3917 727 3981 2)
765 3915 865 3969 His
898 3915 1222 3984 tegimentis
1259 3913 1475 3968 addunt
1500 3913 1728 3983 Lipsius
1752 3917 1811 3967 et
1834 3914 2061 3967 Henzen
2099 3914 2359 3983 spongias
2395 3914 2537 3967 moti
2574 3914 2760 3968 uerbis

468 4004 803 4059 Tertulliani
834 4004 945 4058 his:
987 4004 1062 4072 (d.
1090 4008 1259 4073 spect.
1289 4020 1336 4057 c.
1365 4005 1454 4071 25)
1493 4002 1738 4071 „poterit
1774 4019 1909 4072 ergo
1937 4006 1995 4056 et
2030 4001 2099 4056 de
2126 4002 2511 4056 misericordia
2548 4002 2761 4055 moneri

469 4092 686 4147 defixus
733 4094 792 4146 in
851 4108 1068 4146 morsus
1122 4108 1384 4145 ursorum
1439 4095 1496 4144 et
1548 4090 1811 4159 spongias
1864 4091 2297 4145 retiariorum‘?“
2371 4090 2480 4143 Sed
2529 4093 2764 4159 apparet

471 4181 806 4251 ‚,spongias“
847 4198 958 4235 non
997 4185 1146 4235 recte
1171 4180 1442 4235 traditum
1480 4196 1616 4246 esse,
1655 4178 1862 4248 quippe
1899 4179 2049 4249 quod
2077 4178 2227 4233 nullo
2254 4178 2419 4233 modo
2456 4196 2578 4232 cum
2619 4196 2764 4233 mor·

473 4268 625 4322 sibus
663 4284 920 4320 ursorum
958 4268 1509 4337 possit·comparari;
1547 4268 1819 4335 scriptum
1856 4272 1975 4321 erat
2012 4268 2311 4337 ,‚pugnes“.

672 4355 728 4426 3)
767 4354 1015 4421 Quanam
1053 4374 1114 4411 re
1153 4361 1334 4411 motus
1361 4354 1754 4410 Friedlaender
1790 4357 1936 4409 inter
1962 4355 2178 4409 retiarii
2217 4356 2566 4410 aduersarios
2592 4355 2763 4410 etiam

472 4441 747 4497 Thraeces
803 4448 1092 4513 memoret,
1139 4445 1301 4514 plane
1352 4444 1579 4515 ignor03
1628 4444 1783 4498 locus
1821 4443 2097 4498 Ciceronis
2154 4445 2433 4514 ascriptus
2473 4443 2575 4513 (or.
2621 4442 2762 4498 Phil.

469 4533 520 4601 5,
560 4532 653 4603 20)
691 4531 830 4586 nihil
869 4532 1231 4587 demonstrat.
2674 4533 2683 4542 ⁴
