3190 5037
1576 301 1642 354 14

454 480 614 559 quod
678 477 1073 538 monumentis
1123 496 1237 535 non
1293 481 1529 554 poterat
1573 477 1710 544 uti,‘
1746 494 1896 552 quae
1949 475 2025 533 ad
2087 475 2443 534 illustranda
2502 482 2563 535 et
2617 476 2754 535 scri-

454 590 687 661 ptorum
733 585 793 639 et
833 580 1142 639 titulorum
1185 578 1521 636 testimonia
1564 578 1891 635 necessaria
1935 580 2103 648 sunt3
2154 582 2350 635 tamen
2392 597 2590 636 omnes
2633 577 2756 634 fere

453 685 612 742 locos
674 683 1047 758 scriptorum,
1109 681 1209 756 qui
1276 676 1389 737 huc
1449 682 1739 756 spectant,
1802 698 2028 736 summa
2083 679 2377 754 congessit
2429 677 2751 753 diligentia.

457 784 598 842 Post
653 782 922 859 Lipsium
970 778 1289 839 Guilelmus
1334 779 1570 838 Henzen
1626 779 1688 838 in
1740 778 2153 837 dissertatione
2206 779 2278 837 de
2330 779 2560 838 musiuo
2614 778 2752 836 bur-

451 885 731 960 ghesiano
777 879 1221 955 (Dissertazioni
1259 880 1414 940 della
1456 881 1669 958 pontif.
1715 880 1875 940 acad.
1936 880 2101 939 Rom.
2149 880 2208 938 di
2253 880 2585 956 archeolog.
2629 879 2754 937 XII

453 976 671 1066 [1852]
707 1004 764 1061 p.
798 985 874 1041 73
905 980 1064 1059 sqq.)
1099 983 1499 1059 quaestionem
1532 983 1890 1041 instaurauit
1918 984 2099 1056 atque
2129 983 2516 1039 monumentis
2557 981 2753 1038 nouis-

455 1105 569 1162 que
617 1085 809 1144 titulis
855 1083 1050 1142 allatis
1102 1102 1194 1140 res
1237 1084 1532 1159 sagaciter
1589 1102 1907 1159 aggressus
1952 1082 2201 1142 multum
2253 1081 2522 1159 profecit.
2609 1082 2752 1141 Ter·

454 1189 572 1245 tius
616 1185 951 1244 Ludouicus
1006 1184 1427 1243 Friedlaender
1473 1203 1760 1255 errorum,
1826 1185 1927 1260 qui
1972 1183 2227 1242 Henzeni
2280 1183 2754 1243 commentationi

453 1290 672 1356 insunt,
718 1306 831 1344 non
875 1286 1091 1344 multos
1136 1285 1408 1356 correxit,
1455 1284 1557 1343 sed
1602 1304 1672 1342 ea
1713 1284 1996 1361 imprimis
2038 1304 2104 1342 re
2146 1283 2294 1341 bene
2337 1284 2409 1342 de
2437 1285 2752 1343 armaturis

451 1386 844 1462 gladiatorum
889 1384 1294 1460 intellegendis
1339 1386 1582 1444 meritus
1628 1391 1736 1455 est,
1798 1384 1955 1462 quod
2008 1384 2166 1443 haud
2208 1387 2296 1443 ita
2347 1404 2536 1462 pauca
2578 1385 2752 1459 testi-f

452 1490 645 1547 monia
703 1508 821 1546 non
873 1491 1013 1545 ante
1061 1485 1297 1562 prolata
1347 1486 1733 1561 inuestigauit
1789 1491 1851 1544 et
1906 1485 2140 1544 adiecit.
2244 1484 2553 1543 Laudandi
2614 1489 2753 1543 sunt

454 1591 632 1647 etiam
678 1588 812 1646 Itali
858 1587 969 1645 uiri
1015 1586 1173 1645 docti
1215 1584 1491 1645 Garrucci
1560 1585 1875 1645 Mineruini
1928 1587 2047 1658 alii,
2108 1588 2211 1664 qui
2253 1587 2458 1646 titulos
2500 1586 2752 1663 graphio

452 1690 766 1766 inscriptos
820 1694 883 1747 et
932 1693 1309 1747 monumenta
1372 1686 1644 1764 Pompeis
1704 1691 1941 1763 reperta
1971 1682 2015 1761 ¹)
2060 1688 2232 1746 simul
2291 1708 2420 1747 cum
2463 1705 2751 1746 commen-

451 1790 793 1849 tatiunculis
841 1789 1156 1864 diligenter
1197 1789 1431 1865 scriptis
1475 1786 1949 1865 publicauerunt.
2055 1788 2371 1848 Praeterea
2424 1787 2593 1846 multi
2636 1788 2753 1846 uiri

454 1890 609 1950 docti
672 1890 893 1951 indocti
947 1890 1019 1948 de
1079 1890 1189 1948 hac
1253 1886 1316 1948 re
1381 1895 1656 1966 egerunt,
1720 1909 1868 1966 quos
1932 1889 2167 1965 longum
2231 1896 2321 1950 est
2391 1909 2749 1959 enumerare,

452 1992 797 2068 praesertim
848 2010 976 2049 cum
1020 2009 1231 2067 parum
1272 1991 1648 2067 profecerint.
1706 2020 1780 2031 —
1846 1991 1977 2068 Ego
2019 1990 2162 2068 ipse,
2206 2011 2334 2050 cum
2379 1990 2526 2049 duos
2570 2009 2751 2049 annos

453 2091 667 2151 abhinc
718 2093 777 2150 in
829 2095 1161 2150 armaturas
1204 2092 1603 2167 gladiatorum
1647 2092 1962 2169 inciperem
2007 2091 2325 2167 inquirere,
2390 2094 2472 2149 eis
2517 2096 2749 2149 tantum

455 2194 841 2252 monumentis
891 2195 1062 2269 potui
1114 2193 1222 2263 uti,
1290 2212 1442 2269 quae
1484 2192 1872 2250 Friedlander
1921 2198 2233 2267 memorat3
2303 2196 2510 2268 postea
2553 2210 2753 2250 musea

454 2291 829 2350 Berolinense
874 2291 1267 2352 Cassellanum
1299 2292 1707 2352 Wisibadense
1738 2293 2179 2370 Mogontiacum
2224 2291 2565 2351 Coloniense
2596 2291 2748 2350 Bon-

382 2376 392 2384 *
454 2392 655 2450 nensia
727 2391 1100 2452 Treuericum
1171 2400 1234 2453 et
1312 2394 1682 2452 collectiones
1760 2393 2075 2452 Herstattii
2141 2392 2361 2452 Wolffii
2434 2391 2750 2451 Merkensii

456 2489 889 2551 coloniensium
940 2492 1058 2553 adii
1101 2498 1161 2553 et
1206 2493 1391 2553 multa
1433 2494 1659 2572 inspexi
1703 2500 2080 2554 monumenta
2123 2493 2376 2570 inedita3
2445 2500 2751 2572 praeterea

455 2594 597 2653 Otto
645 2594 950 2654 Benndorf
986 2601 1047 2654 et
1083 2594 1379 2654 Robertus
1415 2595 1731 2655 Schneider
1773 2597 1999 2656 summa
2030 2616 2161 2654 cum
2205 2595 2561 2655 liberalitate
2592 2594 2748 2654 haud

454 2714 642 2771 pauca
684 2701 1058 2754 monumenta
1103 2696 1413 2755 Austriaca
1457 2717 1679 2756 mecum
1725 2699 2321 2756 communicauerunt.

1142 2995 1175 3065 ξ
1227 2996 1281 3053 1.
1370 2993 1477 3053 De
1520 2994 1963 3055 Samnitibus
1988 2992 2060 3071 ²).

635 3127 720 3187 Cf.
768 3129 927 3205 Lips.
975 3129 1026 3185 II
1070 3149 1117 3187 c.
1168 3128 1262 3202 11,
1310 3128 1484 3218 Henz.
1526 3150 1584 3206 p.
1636 3131 1752 3188 107
1796 3151 1908 3208 sq.,
1954 3131 2171 3189 Friedl.
2214 3150 2274 3208 p.
2324 3133 2443 3190 516
2485 3149 2571 3206 sq.

656 3263 1122 3321 Vetustissimum
1190 3260 1584 3338 gladiatorum
1652 3282 1837 3338 genus
1908 3268 2001 3321 est
2061 3262 2467 3333 Samniticum
2534 3262 2748 3319 etenim

452 3362 567 3419 iam
615 3382 649 3418 a
696 3361 1028 3440 Campanis,
1092 3364 1195 3439 qui
1250 3362 1383 3419 odio
1443 3367 1621 3437 atque
1670 3362 1761 3419 ira
1806 3361 2150 3421 Samnitium
2195 3362 2555 3421 deuictorum
2605 3360 2750 3417 moti

453 3460 661 3519 horum
708 3464 886 3520 armis
926 3462 1287 3538 gladiatores
1333 3460 1652 3520 induerunt
1692 3481 1760 3520 ac
1804 3463 2029 3520 nomine
2062 3462 2504 3538 compellarunt,
2548 3462 2756 3518 inuen-·

452 3566 577 3620 tum
625 3559 723 3638 (cf.
770 3562 899 3620 Liu.
946 3564 1034 3621 IX
1088 3558 1218 3639 40),
1272 3567 1396 3621 tum
1440 3583 1476 3621 a
1518 3563 1800 3621 Romanis
1844 3562 2013 3621 simul
2059 3582 2189 3620 cum
2234 3568 2365 3620 tota
2408 3582 2472 3619 re
2517 3560 2747 3635 gladia-

451 3665 606 3722 toria
664 3669 964 3740 receptum
1021 3668 1113 3722 est
1133 3662 1208 3735 ⁸).
1295 3663 1461 3722 Inter
1511 3666 1829 3740 scriptores
1872 3664 2164 3722 Romanos
2218 3665 2440 3739 primus
2487 3661 2746 3721 Lucilius

659 3895 711 3965 1)
751 3893 946 3947 Liceat
986 3892 1119 3945 mihi
1161 3891 1269 3947 hoc
1316 3892 1438 3947 loco
1484 3909 1713 3947 monere
1749 3898 1808 3947 et
1857 3893 2053 3948 titulos
2091 3896 2148 3947 et
2193 3897 2553 3946 monumenta
2590 3891 2749 3945 Pom-

461 3982 661 4050 peiana
696 3999 824 4035 cum
865 3981 937 4035 ob
964 3981 1100 4034 alias
1140 3998 1229 4033 res
1256 3984 1372 4034 tum
1410 3981 1534 4036 ideo
1562 3982 1619 4035 in
1645 3985 1838 4035 nostra
1877 3982 2195 4051 quaestione
2231 3981 2525 4049 plurimum
2552 3979 2751 4048 ualere,

453 4071 600 4137 quod
639 4070 930 4138 sexaginta
966 4068 1162 4138 primis
1202 4068 1358 4122 annis
1397 4085 1536 4123 saec.
1573 4087 1628 4138 p.
1655 4069 1711 4122 C.
1737 4088 1791 4123 n.
1829 4070 1996 4139 primi
2032 4069 2182 4123 facta
2217 4075 2344 4122 sunt
2383 4068 2477 4137 (cf.
2504 4068 2750 4121 Nissenii

452 4157 772 4227 PompeJan.
815 4155 970 4210 Stud.
1021 4173 1076 4224 p.
1122 4157 1239 4225 126,
1278 4158 1384 4210 254
1424 4156 1507 4226 sq)
1543 4157 1579 4210 i.
1620 4172 1667 4210 e.
1705 4157 1855 4226 quod
1893 4163 2047 4211 certo
2084 4158 2323 4227 tempori
2373 4161 2606 4226 possunt
2653 4155 2748 4210 ad-

451 4245 642 4299 tribui.

651 4336 707 4402 2)
747 4333 954 4386 Forma
992 4333 1310 4403 „Samnes“,
1347 4351 1512 4403 quam
1539 4333 1766 4388 exhibet
1802 4334 1999 4388 titulus
2020 4334 2227 4389 Murat.
2254 4354 2308 4404 p.
2339 4337 2493 4398 1751,
2520 4335 2573 4402 4,
2599 4334 2748 4385 inter

455 4423 794 4493 gladiatores
832 4422 1086 4492 legitima
1122 4422 1289 4477 fuisse
1327 4422 1576 4492 uidetur;
1621 4422 1690 4477 cf.
1727 4422 1831 4476 Rh.
1870 4422 2012 4477 Mus.
2052 4422 2284 4479 XXXVI
2318 4426 2416 4476 241
2456 4427 2600 4475 extr.

649 4511 705 4580 3)
743 4509 806 4563 Id
840 4509 919 4563 ita
955 4510 1163 4564 factum
1201 4527 1321 4566 esse
1357 4510 1466 4565 alio
1505 4512 1629 4566 loco
1667 4510 2078 4566 demonstrabo.
