3190 5037
1587 309 1658 362 54

471 485 686 561 quibus
728 485 862 544 illae
905 485 1175 543 notiones
1219 485 1619 561 inueniuntur,
1682 487 1731 545 si
1775 491 2148 565 comparatur
2192 507 2320 547 cum
2363 506 2603 546 numero
2647 506 2768 545 om-

473 587 634 645 nium
679 588 1147 662 inscript-ionum,
1213 587 1317 644 ubi
1365 589 1601 647 nomina
1653 588 2050 664 gladiatorum
2109 591 2522 665 memorantur,
2586 588 2770 645 maior

471 694 581 761 est,
649 707 823 764 quam
874 693 944 746 ut
994 708 1209 765 paucos
1263 688 1623 763 gladiatores
1679 690 1780 748 illo
1841 690 2013 748 modo
2074 690 2404 768 appellatos
2457 708 2582 746 esse
2624 688 2767 745 mihi

470 787 872 865 persuadeam.
997 789 1177 847 Immo
1243 788 1561 866 significari
1626 792 1709 849 eis
1782 796 1928 868 puto
1990 793 2215 867 pariter
2280 796 2460 866 atque
2521 789 2767 848 uocibus

472 885 855 966 ,‚spectatus“
905 896 966 947 et
1010 889 1404 965 „ueteranus“
1452 892 1686 949 ordines
1715 891 2131 967 gladiatorum,
2180 893 2238 948 in
2285 890 2501 968 quibus
2531 896 2768 968 praeter

468 993 692 1050 tirones
725 991 798 1049 ad
830 1011 1008 1049 unum
1045 1011 1241 1051 omnes
1275 994 1512 1051 fuerint.
1603 993 1731 1051 Non
1760 994 1819 1050 in
1849 992 2118 1050 omnibus
2149 992 2359 1065 titulis,
2406 991 2508 1050 ubi
2551 990 2768 1067 singuli

469 1094 828 1171 gladiatores
860 1098 1276 1164 memorantur,
1322 1094 1604 1153 adiectam
1650 1113 1774 1152 esse
1811 1113 1987 1151 unam
2018 1114 2090 1150 ex
2130 1093 2243 1151 illis
2285 1093 2622 1152 notionibus
2652 1112 2766 1150 non

471 1197 683 1253 mirum
729 1201 835 1268 est,
882 1197 1231 1272 praesertim
1263 1215 1389 1253 cum
1426 1191 1809 1273 ‚,spectatus“
1844 1201 1904 1252 et
1933 1193 2331 1271 „ueteranus“
2362 1193 2548 1253 multo
2576 1196 2768 1253 rarius

470 1298 849 1355 inueniantur
909 1297 1187 1372 ascripta.
1296 1295 1502 1372 Neque
1555 1315 1699 1354 uero
1755 1297 1983 1354 nomine
2038 1295 2244 1372 „palus
2302 1294 2586 1372 primus“,
2651 1314 2767 1371 quo

469 1397 720 1456 nobilius
774 1417 890 1455 non
948 1395 1247 1454 habebant
1304 1395 1666 1470 gladiatores
1687 1389 1753 1473 ¹),
1824 1397 2094 1454 emeritos
2161 1396 2257 1454 uel
2309 1395 2455 1454 rude
2520 1396 2766 1455 donatos

468 1496 804 1575 significari,
858 1496 961 1555 sed
1006 1516 1123 1566 θοε,
1186 1499 1288 1574 qui
1331 1499 1391 1554 in
1434 1496 1656 1555 harena
1697 1502 1979 1574 pugnent,
2048 1516 2176 1555 cum
2220 1517 2290 1556 ea
2329 1496 2563 1572 docent,
2616 1516 2768 1573 quae

472 1599 543 1657 de
590 1597 908 1658 Commodo
963 1600 1228 1676 principe
1280 1604 1597 1656 narrantur
1649 1602 1776 1655 tum
1820 1597 1980 1656 tituli
2025 1596 2147 1656 CIL
2175 1597 2222 1655 V
2249 1600 2446 1657 5933:
2512 1597 2766 1669 „Vrbico

468 1701 723 1759 secutori
776 1702 966 1776 primo
1020 1699 1173 1778 palo,
1242 1701 1344 1776 qui
1388 1699 1746 1776 pugnauit
1794 1698 1962 1756 XIII
2015 1699 2246 1757 uixsit
2296 1720 2449 1759 ann.
2506 1696 2765 1778 XXII“‚

470 1801 664 1860 Wilm.
716 1802 908 1860 2607:
977 1801 1082 1876 „T.
1134 1800 1341 1858 Flauio
1405 1800 1655 1858 Incitato
1708 1800 1961 1858 secutori
2019 1799 2154 1877 palo
2209 1801 2398 1879 primo
2458 1802 2579 1860 uix.
2633 1821 2766 1861 ann.

466 1901 690 1960 XXVII
743 1904 1036 1980 pugnauit
1090 1900 1284 1960 XVI“.
1397 1900 1509 1959 Sed
1563 1901 1740 1960 etiam
1800 1901 1983 1960 uerbo
2041 1901 2437 1971 „ueteranus“
2495 1903 2763 1961 meliores

469 2009 529 2063 et
570 2004 926 2062 uetustiores
988 2001 1304 2078 significati
1365 2007 1503 2060 sunt
1557 2002 1937 2078 gladiatores,
2006 2002 2065 2061 id
2108 2004 2267 2080 quod
2324 2024 2430 2082 per
2473 2024 2534 2062 se
2579 2005 2766 2063 elucet

468 2109 527 2163 et
569 2104 746 2162 titulo
777 2102 905 2162 CIL
928 2103 1007 2161 VI
1034 2104 1151 2161 631
1202 2102 1602 2180 confirmatur,
1644 2102 1742 2162 ubi
1776 2104 2010 2162 maioris
2053 2106 2425 2163 auctoritatis
2463 2104 2607 2163 ordo
2650 2124 2766 2163 non

467 2207 786 2264 inuenitur.
876 2204 1085 2280 Itaque
1147 2202 1481 2261 notionibus
1535 2204 1932 2279 „ueteranus“
1989 2208 2049 2261 et
2103 2206 2364 2283 „primus
2427 2202 2639 2283 palus“
2706 2209 2767 2262 et

470 2309 701 2385 „prima
758 2300 959 2363 rudis“
1015 2304 1257 2362 eundem
1312 2303 1531 2362 dictum
1577 2323 1705 2362 esse
1750 2305 2008 2363 ordinem
2056 2305 2196 2363 mibi
2241 2308 2510 2383 persuasi
2577 2325 2767 2382 neque

467 2409 639 2466 aliter
688 2406 760 2465 de
803 2404 1141 2464 notionibus
1186 2404 1569 2482 ‚‚spectatus“
1630 2410 1691 2463 et
1737 2405 2065 2477 „secundus
2109 2405 2320 2483 palus“
2366 2414 2427 2465 et
2471 2407 2766 2480 „secunda

469 2504 674 2568 rudis“
720 2508 914 2568 iudico
933 2503 1003 2582 ²).
1067 2538 1140 2546 —-
1198 2505 1410 2565 Omnes
1463 2506 1593 2564 illas
1639 2507 1906 2566 notiones
1952 2528 2023 2566 ne
2067 2508 2152 2565 ita
2196 2509 2632 2584 coniungamus,
2697 2513 2769 2568 ut

469 2611 759 2669 tironibus
813 2609 1072 2687 exceptis
1128 2613 1412 2685 quattuor
1463 2610 1723 2667 existant
1776 2608 2008 2667 ordines
2063 2608 2328 2687 dispares
2392 2630 2458 2669 ac
2520 2610 2763 2669 diuersi:

467 2713 719 2788 spectati
746 2710 1008 2768 ueterani
1039 2709 1164 2787 pali
1195 2728 1297 2767 seu
1326 2710 1502 2768 rudes
1536 2710 1590 2767 11
1622 2710 1743 2789 pali
1773 2730 1876 2769 seu
1905 2709 2080 2768 rudes
2112 2710 2155 2784 I,
2193 2711 2253 2769 id
2284 2731 2518 2788 quoque
2547 2710 2764 2784 obstat,

469 2812 626 2888 quod
671 2811 735 2871 T.
780 2806 1053 2869 Flauium
1099 2810 1412 2868 Incitatum
1467 2829 1799 2887 pugnarum
1860 2810 1998 2869 XVI
2050 2831 2334 2870 annorum
2378 2810 2601 2869 XXVII
2661 2815 2769 2869 aut

466 2913 613 2971 adeo
654 2911 928 2970 Vrbicum
980 2931 1309 2989 pugnarum
1355 2909 1516 2969 XIII
1562 2930 1844 2969 annorum
1890 2891 2065 2970 XXII
2118 2913 2228 2971 iam
2287 2919 2410 2971 tum
2469 2931 2764 2988 egressum

467 3033 592 3071 esse
647 3017 707 3070 et
761 3013 1018 3070 tironum
1084 3017 1145 3069 et
1214 3015 1615 3089 spectatorum
1681 3018 1745 3072 et
1796 3019 2210 3072 ueteranorum
2274 3019 2336 3073 et
2389 3014 2659 3092 palorum
2711 3010 2769 3070 II

467 3113 700 3172 ordines
744 3115 845 3171 uix
888 3117 1089 3190 potest
1131 3113 1308 3172 credi.

667 3213 749 3272 At
805 3214 1024 3272 dixerit
1076 3213 1327 3273 fortasse
1366 3216 1661 3292 quispiam
1706 3216 1888 3275 allato
1931 3216 2059 3274 loco
2104 3215 2430 3294 Lampridii
2474 3214 2769 3276 Commod.

467 3335 515 3373 c.
571 3315 667 3388 15,
730 3315 764 3373 8
832 3309 1195 3391 (appellatus
1263 3321 1354 3374 est
1418 3335 1559 3374 sane
1611 3317 1768 3375 inter
1831 3322 2027 3376 cetera
2090 3317 2473 3395 triumphalia
2537 3315 2770 3374 nomina

464 3417 643 3474 etiam
703 3416 1014 3473 sescenties
1070 3416 1245 3474 uicies
1299 3417 1469 3493 palus
1535 3418 1761 3493 primus
1818 3416 2179 3490 secutorum)
2244 3416 2579 3477 notionibus
2650 3416 2768 3474 illis

466 3534 580 3572 non
623 3514 867 3573 indicari
924 3522 1147 3574 certum
1204 3516 1484 3589 ordinem,
1545 3517 1647 3575 sed
1705 3521 1923 3577 totiens
1966 3519 2354 3596 gladiatorem
2400 3519 2766 3576 nominatum

465 3636 590 3675 esse
634 3617 831 3694 palum
876 3619 1146 3693 primum,
1193 3620 1463 3695 quotiens
1510 3625 1734 3677 ceteros
1778 3620 1991 3697 insigni
2023 3620 2367 3679 fortitudine
2412 3623 2768 3695 superasset.

468 3717 524 3776 Si
572 3717 775 3775 Dionis
837 3720 1283 3794 epitomatorem
1341 3721 1686 3797 inspexeri8‚
1754 3723 1855 3797 qui
1915 3720 2157 3791 LXXII,
2208 3722 2304 3793 22,
2354 3721 2391 3779 3
2437 3719 2603 3778 dicit:
2669 3715 2769 3775 καὶ

467 3813 579 3895 γὰρ
622 3819 723 3875 τοῦ
766 3817 1042 3876 κολοσσοῦ
1085 3813 1192 3895 τὴν
1233 3814 1497 3896 κεφαλὴν
1542 3815 1848 3894 ἀποτεμὼν
1890 3818 1988 3877 καὶ
2032 3813 2232 3896 ἑτέραν
2259 3812 2466 3877 ἑαυτοῦ
2513 3814 2771 3887 ἀντιθεὶς

464 3916 565 3976 καὶ
598 3915 853 3997 ῥόπαλον
880 3914 1016 3989 δοὺς
1040 3912 1242 3977 λέοντά
1288 3913 1347 3977 τέ
1381 3938 1504 3976 τινα
1541 3920 1800 3996 χαλκοῦν
1829 3914 2076 3990 ὑποθεὶς
2117 3914 2192 3990 ὡς
2214 3913 2495 3996 (Ηρακλεῖ
2520 3912 2769 3976 ἐοικέναι

465 4012 766 4096 ἐπέγραψε
797 4014 939 4095 πρὸς
966 4021 1079 4090 τοῖς
1106 4015 1449 4097 δηλωθεῖσιν
1491 4016 1672 4078 αὐτοῦ
1697 4016 2024 4096 ἐπωνύμοις
2048 4019 2147 4078 καὶ
2174 4022 2337 4077 τοῦτο
2360 4030 2373 4043 ·
2395 4012 2769 4096 πρωτόπαλος

673 4266 725 4334 1)
766 4265 830 4317 Id
868 4282 933 4318 ea
970 4282 1030 4318 re
1069 4265 1503 4332 demonstratur,
1543 4267 1692 4335 quod
1733 4266 1925 4320 Aelius
1963 4266 2216 4321 Marcion
2263 4266 2466 4333 (Wilm.
2509 4267 2674 4336 2609)
2708 4271 2766 4320 et

467 4353 667 4406 doctor
704 4359 759 4408 et
796 4355 1006 4422 primus
1044 4354 1137 4422 (sc.
1177 4354 1357 4423 palus)
1397 4356 1707 4424 appellatur
1745 4359 1802 4409 et
1840 4355 1991 4423 quod
2032 4356 2363 4410 Commodus
2400 4357 2661 4425 princeps
2701 4373 2764 4409 eo

465 4441 685 4494 nomine
728 4443 886 4509 quasi
924 4441 1268 4496 nobilissimo
1303 4444 1500 4496 utitur.

667 4528 724 4600 2)
763 4528 935 4582 Vnius
964 4529 1045 4582 rei
1066 4528 1501 4598 significationes
1530 4530 1672 4584 aliae
1694 4532 1818 4585 aliis
1838 4532 2186 4600 temporibus
2209 4531 2462 4586 extitisse
2485 4531 2765 4584 uidentur.
