3190 5037
1566 289 1637 340 52

451 468 699 523 mortem
732 463 1022 534 obierunt,
1066 482 1182 522 non
1223 463 1442 521 habent
1481 463 1799 540 ascriptam
1842 455 1982 541 ¹1⁸¹),
2026 467 2095 521 ut
2139 462 2426 538 Oceanus,
2475 461 2756 533 Phaeder,

460 565 526 638 Q.
575 565 945 642 Perpernius‚
993 565 1073 623 M.
1123 562 1423 637 Caeciliae,
1471 563 1538 636 Q.
1587 562 1860 642 Granius,
1906 564 2005 640 qui
2049 584 2248 623 omnes
2290 564 2405 621 iam
2461 565 2519 620 in
2566 565 2758 641 prima

457 686 658 744 pugna
702 668 874 725 occisi
922 671 1080 726 sunt.
1170 665 1366 723 Etiam
1412 665 1492 724 M.
1549 666 1839 723 Antonius
1886 665 2157 724 Exochus
2205 662 2409 738 (Orell.
2457 658 2650 743 2581)
2695 667 2756 722 in

455 769 647 847 prima
691 787 891 845 pugna
933 770 1049 826 tiro
1093 773 1201 837 est,
1269 787 1419 844 quae
1475 787 1590 825 uox
1635 768 1848 825 omissa
1893 772 2000 838 est,
2066 766 2169 824 ubi
2214 767 2285 825 de
2326 767 2515 825 altera
2557 786 2758 844 pugna

456 873 754 927 narratur.
845 869 962 926 Par
1025 873 1157 926 erat
1212 888 1309 925 eos
1363 867 1740 945 gladiatores,
1811 870 1911 943 qui
1976 868 2307 926 tirocinium
2373 869 2758 945 peregissent,

457 970 740 1047 peculiari
783 970 1004 1044 signari
1047 970 1277 1027 nomine
1321 973 1498 1045 atque
1550 970 1666 1025 iam
1715 968 1950 1026 Henzen
1991 990 2054 1047 p.
2101 969 2220 1026 104
2264 971 2510 1028 coniecit
2555 989 2757 1047 „spec-

455 1070 652 1129 tatos“
706 1069 813 1129 hos
871 1090 996 1128 esse
1052 1069 1409 1147 appellatos3
1478 1070 1766 1146 ascriptas
1824 1070 1974 1127 enim
2032 1069 2300 1129 uidemus
2361 1071 2655 1130 nonnullis
2698 1073 2760 1130 in

456 1170 651 1230 titulis
695 1172 911 1229 nomini
971 1177 1306 1230 armaturae
1349 1169 1738 1245 gladiatoriae
1799 1168 2027 1228 litteras
2075 1169 2163 1228 SP
2214 1165 2310 1244 (cf.
2357 1170 2534 1231 Henz.
2577 1172 2760 1242 6173,

460 1271 582 1331 CIL
603 1270 681 1329 VI
729 1267 876 1348 631)
922 1292 1072 1348 quae
1117 1271 1598 1348 interpretandae
1643 1276 1780 1329 sunt
1827 1270 2223 1348 „spectatus“.

659 1373 790 1430 Non
820 1377 910 1430 est
952 1374 1159 1430 mirum
1197 1391 1394 1431 omnes
1439 1374 1599 1430 uiros
1643 1372 1848 1430 doctos
1893 1371 2040 1430 illud
2080 1371 2464 1449 ,‚spectatus“
2509 1374 2760 1432 uertisse

458 1472 817 1551 ‚‚erp1·obt“;
902 1492 1034 1531 nam
1102 1493 1196 1531 res
1262 1474 1393 1551 ipsa
1441 1472 1603 1531 hanc
1673 1473 2116 1549 explicationem
2183 1473 2440 1550 probare
2502 1474 2759 1533 uidetur.

461 1576 678 1634 Tamen
721 1595 789 1633 ea
834 1594 924 1632 me
969 1574 1202 1650 quidem
1245 1573 1437 1631 iudice
1480 1579 1644 1631 recta
1687 1593 1802 1632 non
1833 1578 1938 1634 est.
2026 1573 2381 1634 Gladiatoris
2426 1576 2575 1633 enim
2614 1578 2759 1634 tiro-

461 1679 696 1748 cinium,
762 1682 833 1735 ut
888 1682 1064 1734 antea
1113 1676 1532 1746 demonstrem,
1599 1674 1804 1733 finitur
1848 1695 1915 1733 ea
1958 1695 2180 1754 pugna,
2243 1677 2301 1733 in
2347 1696 2465 1753 qua
2506 1679 2755 1754 primum

461 1782 646 1836 artem
693 1796 854 1834 suam
900 1782 1170 1855 praestat
1213 1796 1401 1854 neque
1444 1776 1680 1835 lusoriis
1724 1776 1910 1834 solum
1956 1778 2151 1848 armis,
2196 1778 2299 1836 sed
2343 1778 2517 1837 etiam
2564 1778 2758 1836 decre-

463 1880 633 1936 toriis
665 1878 812 1936 bene
853 1897 914 1936 se
943 1897 1116 1956 posse
1160 1879 1248 1936 uti
1277 1877 1556 1936 ostendit.
1646 1876 1923 1936 Homines
1955 1897 2095 1936 uero
2137 1880 2194 1935 in
2238 1878 2377 1937 ludo
2405 1879 2759 1954 gladiatorio

465 1980 729 2038 eruditos
772 1984 1012 2057 peracta
1067 1978 1296 2037 demum
1352 1977 1604 2036 feliciter
1657 1977 1981 2036 decretoria
2024 1979 2220 2055 aliqua
2263 1999 2483 2056 pugna,
2545 1981 2593 2038 si
2637 2000 2759 2038 rem

460 2099 755 2157 urgemus,
799 2100 941 2139 uere
987 2079 1351 2156 gladiatores
1395 2098 1521 2137 esse
1567 2080 1754 2137 factos
1799 2084 2066 2157 apparet,
2123 2099 2249 2138 cum
2296 2087 2471 2140 antea
2513 2101 2759 2159 praepa·

462 2188 738 2241 rarentur
782 2185 1013 2239 tantum
1055 2200 1091 2239 a
1135 2179 1475 2238 doctoribus
1519 2180 1595 2239 ad
1642 2183 1826 2258 ipsam
1860 2180 2278 2255 gladiaturam.
2368 2182 2576 2259 Itaque
2618 2183 2761 2241 haec

461 2303 682 2361 pugna,
725 2285 785 2340 in
832 2302 948 2359 qua
990 2285 1243 2359 primum
1290 2283 1407 2340 tiro
1453 2303 1487 2341 a
1531 2282 1752 2359 populo
1796 2287 2118 2360 spectatur,
2172 2303 2429 2341 summae
2471 2284 2763 2359 gladiato·

463 2384 628 2442 ribus
673 2389 803 2442 erat
844 2385 1162 2459 grauitatis
1207 2385 1530 2459 summique
1560 2385 1855 2441 momenti.
1900 2413 1984 2422 —
2027 2383 2163 2441 Dixi
2198 2388 2371 2442 antea
2399 2403 2514 2442 non
2544 2390 2761 2443 temere

465 2490 746 2563 „peracta
805 2483 1122 2544 feliciter
1185 2483 1512 2544 decretoria
1570 2482 1847 2563 pugna;“
1912 2505 2047 2544 nam
2116 2485 2376 2545 indicare
2444 2485 2627 2561 uolui,
2694 2492 2763 2546 ut

464 2588 734 2646 finiretur
764 2588 1115 2660 tirocinium,
1160 2604 1274 2644 non
1302 2605 1450 2662 opus
1479 2585 1658 2644 fuisse
1685 2587 1935 2645 tironem
1968 2592 2074 2646 aut
2102 2588 2336 2647 uincere
2374 2593 2480 2645 aut
2507 2592 2762 2647 stantem

466 2709 594 2748 cum
641 2689 981 2748 aduersario
1034 2689 1225 2764 mitti3
1284 2707 1416 2746 nam
1472 2688 1668 2748 nullus
1728 2689 2041 2768 gladiator,
2107 2691 2200 2747 cui
2252 2690 2309 2746 in
2366 2687 2593 2746 duobus
2646 2688 2762 2747 illis

463 2790 654 2848 titulis
701 2789 1006 2848 Venusinis
1050 2788 1100 2848 Τ
1128 2790 1404 2867 ‘ascripta
1448 2795 1560 2860 est,
1633 2794 1771 2847 ante
1810 2810 1936 2848 eam
1981 2810 2261 2868 pugnam,
2328 2809 2445 2866 qua
2491 2788 2762 2860 decessit,

467 2891 580 2947 iam
628 2910 663 2948 a
707 2890 925 2968 populo
971 2895 1271 2967 spectatus
1311 2894 1402 2947 est
1433 2920 1515 2930 —
1558 2889 1725 2948 deest
1769 2892 1919 2948 enim
1962 2910 2238 2949 numerus
2281 2900 2614 2967 pugnarum
2662 2919 2760 2960 —,

464 2991 522 3047 in
563 2990 752 3049 altero
801 3010 938 3049 uero
982 2991 1160 3049 titulo
1207 2990 1300 3048 uel
1341 2992 1391 3048 ei
1432 2990 1812 3069 gladiatoreS,
1867 2992 1970 3068 qui
2015 3011 2124 3050 non
2170 2993 2456 3065 uicerunt,
2503 2992 2608 3051 sed
2652 3010 2761 3067 pu-

464 3097 802 3170 gnauerunt
842 3097 1094 3171 tantum,
1166 3098 1308 3151 nota
1353 3091 1403 3151 Τ
1447 3097 1669 3165 carent,
1732 3112 1849 3169 qua
1906 3112 1969 3151 re
2014 3093 2450 3151 demonstratur
2494 3092 2762 3150 tirocinio

468 3215 567 3253 eos
627 3196 744 3252 iam
815 3199 952 3253 ante
1013 3196 1317 3254 uictoriam
1381 3200 1743 3271 reportatam
1809 3214 1933 3253 esse
1996 3215 2278 3270 egresso&
2363 3195 2572 3271 Itaque
2629 3193 2760 3251 finis

468 3296 726 3354 tirocinii
765 3315 867 3353 nec
910 3297 1160 3354 uictoria
1201 3295 1271 3353 fit
1311 3315 1417 3353 nec
1461 3297 1560 3366 sic,
1607 3301 1674 3354 ut
1716 3294 1932 3354 lanista
1972 3295 2363 3372 gladiatorem
2407 3294 2482 3353 ob
2525 3295 2760 3353 fortitu-

468 3397 662 3456 dinem
720 3401 1026 3473 artemque
1074 3399 1420 3476 praestitam
1470 3397 1709 3472 dignum
1755 3396 1991 3472 habeat,
2054 3400 2155 3474 qui
2199 3398 2427 3456 desinat
2477 3399 2594 3455 tiro
2638 3415 2763 3455 esse

469 3504 530 3557 et
572 3500 632 3555 in
674 3499 979 3575 proprium
1024 3498 1417 3575 gladiatorum
1464 3497 1724 3555 ordinem
1766 3499 2106 3576 recipiatur,
2153 3500 2256 3558 sed
2300 3504 2424 3557 tum
2468 3518 2599 3555 cum
2642 3499 2762 3575 pri-

467 3618 623 3657 mum
670 3599 922 3677 populus
968 3600 1212 3656 tironem
1247 3599 1638 3674 spectauit.
1728 3598 1893 3655 Hanc
1937 3598 2011 3656 ob
2041 3619 2161 3657 rem
2208 3599 2354 3657 illud
2385 3596 2763 3677 ,‚spectatus“

467 3704 635 3758 nerto
676 3720 779 3771 „er
821 3701 902 3757 ist
945 3718 1078 3757 vom
1108 3698 1291 3757 Volke
1333 3696 1587 3774 gesehen
1633 3697 1914 3758 worden“
1959 3702 1995 3760 i.
2028 3720 2076 3760 e.
2117 3700 2351 3778 publice
2380 3701 2440 3756 in
2484 3699 2765 3757 harenam

673 3894 724 3964 1)
763 3892 991 3962 Semper
1030 3892 1273 3947 felicium
1302 3896 1523 3946 tantum
1561 3910 1876 3963 pugnarum
1913 3894 1950 3948 i.
1988 3911 2033 3948 e.
2073 3911 2282 3963 earum,
2320 3895 2378 3949 in
2412 3895 2615 3964 quibus
2652 3894 2769 3965 gla-

467 3983 654 4037 diator
691 4000 801 4036 non
842 3983 1101 4049 moritur,
1159 3981 1255 4035 sed
1302 3983 1399 4035 aut
1454 3982 1633 4035 uincit
1692 3986 1788 4036 aut
1835 3986 1986 4037 stans
2042 3984 2291 4036 mittitur
2346 3989 2442 4037 aut
2500 3985 2766 4052 mittitur,

465 4075 806 4124 memoratur
842 4086 1121 4124 numerus,
1197 4068 1376 4123 Extra
1412 4069 1563 4125 hunc
1602 4089 1890 4126 numerum
1932 4090 1995 4125 ea
2033 4077 2119 4125 est
2155 4090 2365 4142 pugna,
2409 4073 2466 4126 in
2505 4090 2614 4141 qua
2651 4072 2765 4142 gla-

468 4158 652 4212 diator
686 4156 1053 4226 interficitur3
1091 4157 1160 4211 cf.
1201 4158 1316 4212 CIL
1353 4158 1400 4212 V
1435 4161 1601 4214 3466:
1664 4160 1907 4227 „Glauco
1945 4159 2305 4230 pugnat-(um)
2344 4161 2445 4215 VII
2482 4160 2538 4215 Ο
2581 4161 2764 4226 V111“‚

467 4249 630 4300 3468:
671 4245 883 4315 „Pardo
922 4246 1280 4315 pugnar(um)
1319 4248 1388 4312 X,
1427 4247 1518 4302 hic
1553 4249 1632 4301 XI
1668 4248 1980 4317 deceptus“.

666 4335 718 4401 2)
758 4334 980 4387 Henzen
1018 4339 1168 4388 recte
1205 4335 1422 4389 litteras
1460 4336 1510 4390 S.
1551 4336 1616 4391 V.
1654 4338 1715 4390 in
1753 4337 1920 4390 titulo
1958 4337 2126 4391 6171:
2182 4338 2481 4407 ,‚Thr(aex)
2518 4339 2769 4393 Pinnesis

467 4440 508 4476 s.
550 4423 641 4476 u.“
682 4421 924 4491 explicat
981 4427 1296 4490 „spectatus
1357 4422 1604 4492 uictor“;
1663 4426 1757 4479 sed
1813 4442 1923 4479 uox
1981 4426 2236 4494 „uictor“
2286 4427 2356 4481 ad
2409 4445 2576 4480 unum
2625 4427 2767 4481 illud

470 4529 686 4579 munus,
725 4510 795 4563 de
835 4527 945 4579 quo
985 4527 1166 4564 sermo
1207 4516 1309 4579 est,
1349 4515 1580 4580 spectat.
