3190 5037
1572 331 1637 382 11

452 527 579 565 cum
637 507 721 566 ita
771 507 906 578 sint,
974 507 1163 566 facere
1209 527 1324 564 non
1376 525 1635 583 possum,
1693 509 1836 582 quin
1891 506 2240 565 scholiastae
2296 511 2492 564 cetera
2533 526 2749 580 genera

451 609 848 686 gladiatorum
893 610 1096 684 ignota
1125 608 1305 666 fuisse
1349 611 1525 684 atque
1554 607 1737 665 uerba
1777 607 1880 666 illa
1917 608 1989 666 de
2013 607 2334 666 Thraecum
2368 608 2485 666 sica
2514 612 2750 685 sumpta

451 729 575 769 esse
621 709 857 768 aliunde
903 707 1242 767 concludam
1272 704 1339 781 1).

649 810 955 868 Postremo
1001 808 1181 867 schol.
1229 809 1304 867 ad
1346 807 1429 865 XI
1479 808 1628 866 202:

621 913 762 987 quia
807 910 1132 986 antiquitus
1176 907 1443 967 solebant
1485 908 1759 967 mulieres
1799 929 1927 966 cum
1972 910 2115 969 uiris
2158 910 2427 969 omnibus
2468 912 2750 969 interesse

623 1013 973 1091 spectaculis
1018 1011 1420 1070 indifferenter

449 1115 728 1191 optimam
772 1113 999 1172 redolet
1047 1112 1404 1183 doctrinam3
1461 1111 1532 1170 cf.
1577 1112 1755 1170 etiam
1802 1111 2172 1171 Huebnerum
2229 1132 2362 1172 ann.
2408 1113 2542 1172 inst.
2587 1113 2745 1173 arch.

454 1216 612 1274 1856
662 1235 722 1292 p.
768 1215 868 1274 61.

398 1312 401 1315 ’
650 1316 947 1374 Habemus
977 1316 1164 1391 igitur
1205 1313 1363 1371 haud
1408 1314 1492 1373 ita
1535 1333 1780 1391 paruam
1810 1314 1883 1372 de
1925 1314 2099 1374 rebus
2125 1314 2363 1373 ludicris
2394 1314 2746 1372 scholiorum

449 1420 675 1489 seriem,
746 1438 898 1495 quae
950 1417 1266 1476 uetustiori
1319 1415 1519 1473 deberi
1569 1415 1722 1473 libro
1778 1416 1955 1474 certis
2009 1417 2217 1493 opinor
2271 1417 2461 1474 causis
2512 1415 2748 1473 demon-

449 1521 784 1578 strauimus.
873 1517 1017 1576 Dico
1064 1516 1311 1587 „libro“,
1356 1517 1495 1593 quia
1539 1521 2051 1575 commentatorem
2103 1515 2398 1575 quenalis
2442 1535 2559 1572 non
2603 1515 2748 1574 mul-

447 1624 540 1678 tos
586 1619 874 1677 euoluisse
904 1623 964 1676 et
1009 1620 1367 1693 excerpsisse
1410 1617 1591 1674 libros
1640 1616 1779 1673 mihi
1826 1622 1917 1675 est
1946 1636 2290 1693 persuasum
2338 1622 2518 1692 atque
2563 1618 2747 1674 omni-

449 1718 558 1777 bus
637 1716 1125 1795 persuadebitur,
1192 1718 1292 1793 qui
1366 1719 1489 1775 eius
1560 1717 1969 1776 adnotationes
2035 1717 2409 1793 perlegerint.
2509 1717 2630 1774 Iam
2698 1717 2745 1774 si

452 1819 774 1896 quaeritur,
818 1818 1053 1894 quinam
1098 1819 1278 1876 fuerit
1334 1818 1429 1875 hic
1477 1817 1647 1888 liber,
1714 1837 1881 1875 nemo
1922 1837 2032 1875 non
2079 1816 2366 1893 cogitabit
2408 1816 2480 1874 de
2520 1817 2747 1875 ludicra

452 1919 702 1978 historia
751 1917 1035 1989 Suetonii,
1102 1919 1266 1976 cuius
1320 1937 1502 1994 opera
1562 1918 1830 1976 omnibus
1892 1919 2013 1975 eius
2078 1918 2290 1975 aetatis
2353 1919 2497 1975 uiris
2558 1917 2746 1975 doctis

451 2025 623 2078 erant
664 2022 724 2077 in
769 2017 1035 2078 manibus
1090 2024 1150 2076 et
1202 2019 1276 2075 ab
1329 2020 1456 2094 ipso
1511 2037 1746 2095 quoque
1805 2023 2279 2088 commentatore,
2346 2024 2414 2077 ut
2453 2017 2747 2076 nonnullis

449 2122 593 2179 locis
635 2122 1005 2179 manifestum
1061 2123 1169 2189 est,
1227 2118 1494 2178 adhibita
1537 2125 1703 2191 sunt3
1767 2120 1841 2177 cf.
1886 2138 1945 2195 p.
1978 2120 2035 2189 9,
2075 2124 2133 2190 1;
2201 2117 2379 2177 schol.
2424 2119 2501 2175 ad
2531 2116 2610 2175 IV
2643 2117 2741 2186 38,

451 2219 629 2278 Probi
684 2221 786 2297 qui
854 2220 1070 2279 dicitur
1122 2220 1298 2278 schol.
1355 2221 1428 2278 ad
1489 2219 1575 2277 111
1618 2221 1696 2278 74
1744 2243 1823 2267 --
1879 2219 2098 2279 Sueton
2146 2220 2215 2277 fr.
2262 2220 2339 2276 49
2386 2217 2499 2278 Rff.
2591 2217 2744 2274 Male

450 2323 667 2380 factum
700 2327 807 2391 est,
852 2321 1010 2397 quod
1041 2340 1350 2398 nusquam=
1371 2321 1487 2379 illis
1518 2322 1591 2380 ad
1636 2321 1806 2379 ludos
1836 2321 2268 2398 pertinentibus
2312 2321 2452 2380 locis
2482 2320 2743 2379 Suetonii

450 2442 657 2482 nomen
714 2422 980 2492 affertur,
1032 2427 1102 2480 ut
1146 2442 1343 2481 eorum
1391 2424 1611 2481 fontem
1654 2443 1719 2480 re
1756 2442 1898 2481 uera
1943 2422 2246 2480 historiam
2294 2421 2594 2481 ludicram*
2619 2440 2744 2479 esse

449 2543 732 2600 nequeam
797 2526 1182 2599 pronuntiare
1235 2523 1640 2583 confidentius.
1727 2523 1840 2583 Sed
1892 2529 2087 2582 tamen
2136 2528 2407 2601 superest
2460 2521 2741 2582 scholium

451 2625 528 2683 ad
573 2624 657 2682 III
695 2625 841 2682 178:

614 2724 917 2783 orchestra
961 2727 1233 2802 spatium,
1279 2725 1341 2783 in
1385 2745 1503 2801 quo
1546 2724 1729 2783 saltat
1772 2725 2166 2802 pantomimus
2192 2718 2275 2799 ²),

448 2826 609 2904 quod
652 2827 859 2884 saltem
906 2826 975 2895 is,
1032 2826 1130 2903 qui
1177 2826 1249 2885 de
1294 2825 1518 2885 Isidoro
1561 2844 1691 2884 cum
1735 2822 2212 2883 Reifferscheidio
2257 2825 2566 2894 consentit,
2609 2821 2747 2881 Sue·

446 2929 609 2986 tonio
665 2925 1009 2984 uindicabit.
1098 2925 1319 2985 Scimus
1376 2926 1710 2985 orchestrae
1768 2945 1908 2984 uoce
1960 2931 2062 2984 aut
2118 2946 2248 2984 eum
2294 2926 2513 2984 theatri
2555 2926 2744 2983 locum

447 3026 782 3104 significari,
828 3026 931 3085 ubi
961 3032 1262 3085 senatores
1304 3031 1591 3103 spectent,
1638 3032 1745 3086 aut
1783 3046 1934 3097 eum,
1978 3029 2082 3104 qui
2111 3028 2191 3085 sit
2218 3029 2375 3085 inter
2408 3031 2745 3084 senatorum

447 3129 614 3187 sedes
681 3134 741 3187 et
808 3145 1052 3186 scaenae
1115 3126 1414 3204 pulpitum
1438 3123 1510 3202 ⁸).
1625 3127 1831 3203 Itaque
1896 3117 2084 3204 primo
2139 3132 2382 3203 aspectu
2433 3125 2623 3185 Barth
2686 3131 2746 3183 et

447 3227 897 3291 Schurtzfleisch
951 3247 1058 3287 suo
1123 3231 1249 3288 iure
1313 3226 1572 3288 scholion
1633 3234 1890 3288 mutasse
1957 3229 2286 3288 uideantur.
2376 3227 2489 3285 Sed
2543 3226 2743 3284 eadem

651 3402 700 3468 1)
734 3399 949 3455 Scimus
987 3399 1310 3455 Suetonium
1351 3401 1517 3454 etiam
1564 3401 1785 3469 singula
1833 3401 2206 3470 gladiatorum
2243 3417 2399 3454 arma
2444 3401 2743 3466 tractasse3

445 3490 516 3545 de
572 3491 692 3559 ipsa
747 3490 863 3543 sica
915 3489 1081 3543 docet
1139 3489 1381 3543 Isidorus
1438 3488 1575 3557 orig.
1626 3488 1825 3555 XVIII,
1873 3491 1924 3544 6.
1961 3491 1996 3542 8
2034 3511 2102 3534 =
2143 3488 2290 3542 Suet.
2338 3488 2409 3541 fr.
2463 3488 2562 3540 195
2609 3485 2739 3538 Rff.:

447 3577 837 3647 „Tranquillus
882 3582 1064 3631 autem
1114 3576 1277 3631 dicit:
1336 3593 1461 3631 cum
1508 3576 1796 3630 cuiusdam
1846 3577 2171 3645 gladiatoris
2218 3577 2276 3629 in
2327 3575 2517 3629 ludum
2557 3574 2740 3627 emissi

445 3665 665 3735 gladius
703 3669 968 3720 cui-uatus
1014 3665 1215 3718 fuisset·
1261 3682 1327 3718 ex
1379 3665 1497 3718 acie
1548 3670 1717 3732 recta,
1773 3666 2129 3733 procucurrit
2175 3681 2318 3717 unus
2365 3663 2437 3717 ad
2474 3663 2532 3715 id
2571 3661 2743 3717 corri-

447 3754 690 3824 gendum
744 3757 975 3821 tumque
1012 3771 1044 3806 a
1081 3756 1367 3823 pugnante
1422 3769 1749 3822 responsum
1798 3757 1907 3806 est:
1965 3754 2044 3806 sic
2082 3753 2361 3823 pugnabo.
2417 3751 2545 3804 inde
2596 3751 2741 3804 sicae

445 3861 647 3898 nomen
687 3843 878 3897 datum
919 3843 1052 3896 est“.
2415 3881 2426 3893 .

646 3931 704 4002 2)
744 3931 823 3986 Cf.
882 3932 1050 3984 etiam
1107 3929 1275 3983 schol.
1325 3929 1396 3983 ad
1443 3929 1549 3986 VII
1586 3932 1657 3983 47
1669 3951 1681 3983 ε
1737 3929 2043 3999 orchestra]
2104 3930 2349 3999 spatium
2402 3927 2460 3980 in
2515 3927 2738 3980 theatro

445 4021 668 4087 dicitur,
706 4020 855 4089 quod
893 4018 1234 4088 pantomimo
1274 4018 1503 4072 saltanti
1540 4023 1719 4073 uacat.

647 4111 702 4178 3)
740 4109 844 4161 Hic
882 4107 1109 4176 prodire
1147 4106 1398 4161 solebant
1436 4108 1588 4161 mimi
1628 4107 1964 4172 emboliarii3
2005 4106 2074 4161 cf.
2114 4107 2261 4161 cht.
2301 4125 2355 4176 p.
2394 4108 2526 4160 326:
2566 4106 2738 4175 „sole-

447 4201 585 4254 bant
621 4199 708 4252 his
748 4197 975 4267 prodire
1006 4196 1163 4248 mimi
1199 4197 1255 4248 in
1295 4194 1602 4265 orchestra,
1645 4195 1776 4248 dum
1814 4196 1869 4248 in
1910 4214 2106 4250 scaena
2144 4201 2301 4250 aetus
2336 4195 2556 4248 fabulae
2594 4213 2739 4249 com-

446 4291 807 4357 ponerentur,
847 4301 973 4339 eum
1000 4284 1249 4352 gestibus
1280 4283 1604 4337 obscaenis“
1642 4289 1699 4337 et
1724 4284 2046 4338 Suetonium
2068 4285 2217 4352 apud
2236 4284 2469 4337 Diomed
2489 4303 2542 4353 p.
2563 4284 2687 4352 490,
2705 4286 2738 4336 6

447 4374 534 4429 ed.
582 4374 723 4427 Keil.
769 4372 861 4442 (=
899 4372 1121 4425 Sueton.
1160 4390 1212 4440 p.
1258 4373 1340 4434 14,
1389 4374 1451 4425 18
1489 4389 1624 4441 sqq:
1654 4371 1863 4441 Reiff‚):
1926 4373 2135 4442 „(mimi
2194 4373 2519 4441 planipedes
2578 4372 2738 4442 dicti)

448 4460 598 4530 quod
638 4460 770 4514 olim
810 4476 921 4514 non
959 4464 1015 4517 in
1056 4469 1322 4532 suggestu
1361 4479 1611 4531 scaenae,
1649 4463 1830 4517 sedin
1867 4463 2031 4532 plano
2067 4462 2388 4517 orchestrae
2423 4462 2621 4531 positis
2658 4462 2738 4514 in-

449 4550 775 4604 strumentis
811 4550 1049 4604 mimicis
1088 4551 1449 4606 actitabant“.
1525 4550 1605 4606 cf.
1650 4551 1900 4606 Momms.
1938 4551 2098 4606 Rom.
2140 4551 2335 4606 Gesch.
2375 4551 2485 4606 111⁶
2520 4551 2641 4606 590.
