<?xml version="1.0" encoding="UTF-8"?>
<!DOCTYPE html PUBLIC "-//W3C//DTD XHTML 1.0 Transitional//EN"
    "http://www.w3.org/TR/xhtml1/DTD/xhtml1-transitional.dtd">
<html xmlns="http://www.w3.org/1999/xhtml" xml:lang="en" lang="en">
 <head>
  <title>
</title>
<meta http-equiv="Content-Type" content="text/html;charset=utf-8" />
  <meta name='ocr-system' content='tesseract 3.04.00' />
  <meta name='ocr-capabilities' content='ocr_page ocr_carea ocr_par ocr_line ocrx_word'/>
</head>
<body>
  <div class='ocr_page' id='page_1' title='image "./degladiaturarom01meiegoog_0014.png"; bbox 0 0 3190 5037; ppageno 0'>
   <div class='ocr_carea' id='block_1_1' title="bbox 1550 326 1586 377">
    <p class='ocr_par' dir='ltr' id='par_1_1' title="bbox 1550 326 1586 377">
     <span class='ocr_line' id='line_1_1' title="bbox 1550 326 1586 377; baseline 0 0"><span class='ocrx_word' id='word_1_1' title='bbox 1550 326 1586 377; x_wconf 88' lang='lat'>6</span> 
     </span>
    </p>
   </div>
   <div class='ocr_carea' id='block_1_2' title="bbox 426 498 2755 2700">
    <p class='ocr_par' dir='ltr' id='par_1_2' title="bbox 426 498 2755 1182">
     <span class='ocr_line' id='line_1_2' title="bbox 426 498 2725 580; baseline -0.001 -20"><span class='ocrx_word' id='word_1_2' title='bbox 426 502 643 560; x_wconf 86' lang='lat' dir='ltr'>Romae</span> <span class='ocrx_word' id='word_1_3' title='bbox 694 501 846 560; x_wconf 91' lang='lat' dir='ltr'>ludis</span> <span class='ocrx_word' id='word_1_4' title='bbox 910 502 1263 561; x_wconf 78' lang='lat' dir='ltr'><strong>circensibus</strong></span> <span class='ocrx_word' id='word_1_5' title='bbox 1322 505 1594 580; x_wconf 87' lang='lat' dir='ltr'>spectata</span> <span class='ocrx_word' id='word_1_6' title='bbox 1622 498 1669 576; x_wconf 91' lang='lat'>¹)</span> <span class='ocrx_word' id='word_1_7' title='bbox 1723 506 1916 560; x_wconf 85' lang='lat' dir='ltr'>tamen</span> <span class='ocrx_word' id='word_1_8' title='bbox 1975 502 2218 578; x_wconf 89' lang='lat' dir='ltr'>proprio</span> <span class='ocrx_word' id='word_1_9' title='bbox 2271 505 2536 577; x_wconf 86' lang='lat' dir='ltr'>tempore</span> <span class='ocrx_word' id='word_1_10' title='bbox 2590 519 2725 578; x_wconf 90' lang='lat' dir='ltr'>pro-</span> 
     </span>
     <span class='ocr_line' id='line_1_3' title="bbox 426 601 2723 680; baseline 0 -20"><span class='ocrx_word' id='word_1_11' title='bbox 426 603 674 680; x_wconf 91' lang='lat' dir='ltr'>prioque</span> <span class='ocrx_word' id='word_1_12' title='bbox 724 603 852 661; x_wconf 92' lang='lat' dir='ltr'>loco</span> <span class='ocrx_word' id='word_1_13' title='bbox 907 602 1173 661; x_wconf 85' lang='lat' dir='ltr'>Caesaris</span> <span class='ocrx_word' id='word_1_14' title='bbox 1228 608 1288 662; x_wconf 90' lang='lat' dir='ltr'>et</span> <span class='ocrx_word' id='word_1_15' title='bbox 1340 605 1762 680; x_wconf 90' lang='lat' dir='ltr'>imperatorum</span> <span class='ocrx_word' id='word_1_16' title='bbox 1806 602 2035 661; x_wconf 88' lang='lat' dir='ltr'>demum</span> <span class='ocrx_word' id='word_1_17' title='bbox 2091 606 2286 661; x_wconf 88' lang='lat' dir='ltr'>aetate</span> <span class='ocrx_word' id='word_1_18' title='bbox 2344 601 2504 660; x_wconf 86' lang='lat' dir='ltr'>edita</span> <span class='ocrx_word' id='word_1_19' title='bbox 2566 608 2723 661; x_wconf 88' lang='lat' dir='ltr'>sunt.</span> 
     </span>
     <span class='ocr_line' id='line_1_4' title="bbox 427 701 2755 781; baseline 0 -20"><span class='ocrx_word' id='word_1_20' title='bbox 427 705 585 761; x_wconf 90' lang='lat' dir='ltr'>Haec</span> <span class='ocrx_word' id='word_1_21' title='bbox 626 723 767 762; x_wconf 82' lang='lat' dir='ltr'>uero</span> <span class='ocrx_word' id='word_1_22' title='bbox 812 723 924 760; x_wconf 90' lang='lat' dir='ltr'>non</span> <span class='ocrx_word' id='word_1_23' title='bbox 975 710 1094 762; x_wconf 88' lang='lat' dir='ltr'>tam</span> <span class='ocrx_word' id='word_1_24' title='bbox 1141 704 1423 775; x_wconf 89' lang='lat' dir='ltr'>Romana,</span> <span class='ocrx_word' id='word_1_25' title='bbox 1480 724 1653 781; x_wconf 88' lang='lat' dir='ltr'>quam</span> <span class='ocrx_word' id='word_1_26' title='bbox 1703 702 1925 762; x_wconf 85' lang='lat' dir='ltr'>Graeca</span> <span class='ocrx_word' id='word_1_27' title='bbox 1967 708 2106 762; x_wconf 89' lang='lat' dir='ltr'>sunt</span> <span class='ocrx_word' id='word_1_28' title='bbox 2148 704 2348 780; x_wconf 87' lang='lat' dir='ltr'>itaque</span> <span class='ocrx_word' id='word_1_29' title='bbox 2392 701 2755 780; x_wconf 63' lang='lat' dir='ltr'>Suetonius,</span> 
     </span>
     <span class='ocr_line' id='line_1_5' title="bbox 429 803 2727 881; baseline -0 -19"><span class='ocrx_word' id='word_1_30' title='bbox 429 805 528 881; x_wconf 90' lang='lat' dir='ltr'>qui</span> <span class='ocrx_word' id='word_1_31' title='bbox 572 805 1029 881; x_wconf 89' lang='lat' dir='ltr'>uniuscuiusque</span> <span class='ocrx_word' id='word_1_32' title='bbox 1084 805 1549 881; x_wconf 80' lang='lat' dir='ltr'>spectaculorum</span> <span class='ocrx_word' id='word_1_33' title='bbox 1604 805 1835 881; x_wconf 85' lang='lat' dir='ltr'>generis</span> <span class='ocrx_word' id='word_1_34' title='bbox 1894 804 2098 863; x_wconf 88' lang='lat' dir='ltr'>titulos</span> <span class='ocrx_word' id='word_1_35' title='bbox 2152 809 2219 862; x_wconf 94' lang='lat' dir='ltr'>ut</span> <span class='ocrx_word' id='word_1_36' title='bbox 2263 809 2570 862; x_wconf 77' lang='lat' dir='ltr'>enarraret</span> <span class='ocrx_word' id='word_1_37' title='bbox 2614 803 2727 862; x_wconf 93' lang='lat' dir='ltr'>sibi</span> 
     </span>
     <span class='ocr_line' id='line_1_6' title="bbox 426 903 2725 983; baseline -0 -21"><span class='ocrx_word' id='word_1_38' title='bbox 426 908 839 983; x_wconf 79' lang='lat' dir='ltr'>proposuerat,</span> <span class='ocrx_word' id='word_1_39' title='bbox 884 904 993 964; x_wconf 92' lang='lat' dir='ltr'>hoc</span> <span class='ocrx_word' id='word_1_40' title='bbox 1047 906 1172 964; x_wconf 90' lang='lat' dir='ltr'>loco</span> <span class='ocrx_word' id='word_1_41' title='bbox 1219 907 1450 981; x_wconf 87' lang='lat' dir='ltr'>singula</span> <span class='ocrx_word' id='word_1_42' title='bbox 1481 905 1834 964; x_wconf 85' lang='lat' dir='ltr'>Graecorum</span> <span class='ocrx_word' id='word_1_43' title='bbox 1869 908 2187 964; x_wconf 88' lang='lat' dir='ltr'>certamina</span> <span class='ocrx_word' id='word_1_44' title='bbox 2219 906 2490 980; x_wconf 86' lang='lat' dir='ltr'>gymnica</span> <span class='ocrx_word' id='word_1_45' title='bbox 2530 903 2725 977; x_wconf 86' lang='lat' dir='ltr'>Olym-</span> 
     </span>
     <span class='ocr_line' id='line_1_7' title="bbox 427 1000 2725 1082; baseline 0 -20"><span class='ocrx_word' id='word_1_46' title='bbox 427 1006 540 1082; x_wconf 92' lang='lat' dir='ltr'>piis</span> <span class='ocrx_word' id='word_1_47' title='bbox 596 1005 851 1063; x_wconf 88' lang='lat' dir='ltr'>Isthmiis</span> <span class='ocrx_word' id='word_1_48' title='bbox 906 1005 1136 1064; x_wconf 86' lang='lat' dir='ltr'>Nemeis</span> <span class='ocrx_word' id='word_1_49' title='bbox 1204 1008 1413 1064; x_wconf 89' lang='lat' dir='ltr'>ceteris</span> <span class='ocrx_word' id='word_1_50' title='bbox 1478 1005 1633 1064; x_wconf 90' lang='lat' dir='ltr'>ludis</span> <span class='ocrx_word' id='word_1_51' title='bbox 1689 1006 1851 1064; x_wconf 88' lang='lat' dir='ltr'>edita</span> <span class='ocrx_word' id='word_1_52' title='bbox 1894 1005 2259 1064; x_wconf 79' lang='lat' dir='ltr'>Tertulliano</span> <span class='ocrx_word' id='word_1_53' title='bbox 2304 1010 2457 1064; x_wconf 91' lang='lat' dir='ltr'>teste</span> <span class='ocrx_word' id='word_1_54' title='bbox 2510 1000 2587 1079; x_wconf 87' lang='lat' dir='ltr'>(c.</span> <span class='ocrx_word' id='word_1_55' title='bbox 2621 1004 2725 1076; x_wconf 92' lang='grc'>11)</span> 
     </span>
     <span class='ocr_line' id='line_1_8' title="bbox 429 1088 918 1182; baseline 0.006 -21"><span class='ocrx_word' id='word_1_56' title='bbox 429 1106 776 1163; x_wconf 88' lang='lat' dir='ltr'>memorauit</span> <span class='ocrx_word' id='word_1_57' title='bbox 799 1098 868 1182; x_wconf 82' lang='lat'>2).</span> <span class='ocrx_word' id='word_1_58' title='bbox 910 1088 918 1095; x_wconf 43' lang='lat'><strong><em>⁶</em></strong></span> 
     </span>
    </p>

    <p class='ocr_par' dir='ltr' id='par_1_3' title="bbox 430 1205 2734 2700">
     <span class='ocr_line' id='line_1_9' title="bbox 631 1205 2727 1284; baseline -0 -21"><span class='ocrx_word' id='word_1_59' title='bbox 631 1205 721 1263; x_wconf 87' lang='lat' dir='ltr'>Ex</span> <span class='ocrx_word' id='word_1_60' title='bbox 766 1226 835 1264; x_wconf 89' lang='lat' dir='ltr'>ea</span> <span class='ocrx_word' id='word_1_61' title='bbox 876 1227 959 1276; x_wconf 88' lang='lat' dir='ltr'>re,</span> <span class='ocrx_word' id='word_1_62' title='bbox 1006 1208 1161 1284; x_wconf 89' lang='lat' dir='ltr'>quod</span> <span class='ocrx_word' id='word_1_63' title='bbox 1192 1206 1503 1267; x_wconf 74' lang='lat' dir='ltr'>Suetonius</span> <span class='ocrx_word' id='word_1_64' title='bbox 1546 1207 1620 1265; x_wconf 91' lang='lat' dir='ltr'>de</span> <span class='ocrx_word' id='word_1_65' title='bbox 1662 1207 1815 1266; x_wconf 91' lang='lat' dir='ltr'>ludis</span> <span class='ocrx_word' id='word_1_66' title='bbox 1858 1207 2168 1283; x_wconf 88' lang='lat' dir='ltr'>utriusque</span> <span class='ocrx_word' id='word_1_67' title='bbox 2206 1208 2439 1282; x_wconf 88' lang='lat' dir='ltr'>generis</span> <span class='ocrx_word' id='word_1_68' title='bbox 2484 1206 2727 1282; x_wconf 91' lang='lat' dir='ltr'>loquens</span> 
     </span>
     <span class='ocr_line' id='line_1_10' title="bbox 431 1306 2731 1385; baseline -0.001 -19"><span class='ocrx_word' id='word_1_69' title='bbox 431 1309 744 1384; x_wconf 80' lang='lat' dir='ltr'>usque&#39;ad</span> <span class='ocrx_word' id='word_1_70' title='bbox 790 1307 1142 1367; x_wconf 89' lang='lat' dir='ltr'>Graecorum</span> <span class='ocrx_word' id='word_1_71' title='bbox 1202 1310 1372 1368; x_wconf 89' lang='lat' dir='ltr'>ludos</span> <span class='ocrx_word' id='word_1_72' title='bbox 1432 1308 1712 1381; x_wconf 89' lang='lat' dir='ltr'>ascendit,</span> <span class='ocrx_word' id='word_1_73' title='bbox 1777 1328 1943 1366; x_wconf 91' lang='lat' dir='ltr'>nemo</span> <span class='ocrx_word' id='word_1_74' title='bbox 1989 1309 2196 1385; x_wconf 88' lang='lat' dir='ltr'>opinor</span> <span class='ocrx_word' id='word_1_75' title='bbox 2249 1328 2364 1366; x_wconf 89' lang='lat' dir='ltr'>non</span> <span class='ocrx_word' id='word_1_76' title='bbox 2421 1306 2731 1366; x_wconf 86' lang='lat' dir='ltr'>concludet</span> 
     </span>
     <span class='ocr_line' id='line_1_11' title="bbox 434 1407 2726 1487; baseline 0.001 -25"><span class='ocrx_word' id='word_1_77' title='bbox 434 1426 547 1464; x_wconf 89' lang='lat' dir='ltr'>non</span> <span class='ocrx_word' id='word_1_78' title='bbox 603 1409 865 1484; x_wconf 83' lang='lat' dir='ltr'>potuisse</span> <span class='ocrx_word' id='word_1_79' title='bbox 913 1407 1252 1468; x_wconf 84' lang='lat' dir='ltr'>Suetonium</span> <span class='ocrx_word' id='word_1_80' title='bbox 1307 1412 1364 1467; x_wconf 90' lang='lat' dir='ltr'>in</span> <span class='ocrx_word' id='word_1_81' title='bbox 1423 1409 1678 1468; x_wconf 88' lang='lat' dir='ltr'>eiusdem</span> <span class='ocrx_word' id='word_1_82' title='bbox 1739 1409 1874 1467; x_wconf 89' lang='lat' dir='ltr'>libri</span> <span class='ocrx_word' id='word_1_83' title='bbox 1927 1415 2100 1487; x_wconf 88' lang='lat' dir='ltr'>parte</span> <span class='ocrx_word' id='word_1_84' title='bbox 2154 1412 2352 1486; x_wconf 89' lang='lat' dir='ltr'>priore</span> <span class='ocrx_word' id='word_1_85' title='bbox 2411 1409 2484 1466; x_wconf 91' lang='lat' dir='ltr'>de</span> <span class='ocrx_word' id='word_1_86' title='bbox 2545 1408 2726 1465; x_wconf 88' lang='lat' dir='ltr'>isdem</span> 
     </span>
     <span class='ocr_line' id='line_1_12' title="bbox 433 1507 2731 1584; baseline 0 -19"><span class='ocrx_word' id='word_1_87' title='bbox 433 1507 716 1567; x_wconf 79' lang='lat' dir='ltr'>disserere</span> <span class='ocrx_word' id='word_1_88' title='bbox 774 1508 968 1567; x_wconf 89' lang='lat' dir='ltr'>rebus.</span> <span class='ocrx_word' id='word_1_89' title='bbox 1058 1509 1171 1568; x_wconf 87' lang='lat' dir='ltr'>Sed</span> <span class='ocrx_word' id='word_1_90' title='bbox 1226 1509 1619 1569; x_wconf 84' lang='lat' dir='ltr'>consideranti</span> <span class='ocrx_word' id='word_1_91' title='bbox 1673 1510 1861 1568; x_wconf 91' lang='lat' dir='ltr'>locum</span> <span class='ocrx_word' id='word_1_92' title='bbox 1924 1511 1996 1568; x_wconf 93' lang='lat' dir='ltr'>de</span> <span class='ocrx_word' id='word_1_93' title='bbox 2042 1509 2397 1569; x_wconf 85' lang='lat' dir='ltr'>Graecorum</span> <span class='ocrx_word' id='word_1_94' title='bbox 2441 1508 2731 1584; x_wconf 87' lang='lat' dir='ltr'>agonibus</span> 
     </span>
     <span class='ocr_line' id='line_1_13' title="bbox 432 1609 2729 1688; baseline 0 -22"><span class='ocrx_word' id='word_1_95' title='bbox 432 1629 466 1666; x_wconf 89' lang='lat' dir='ltr'>a</span> <span class='ocrx_word' id='word_1_96' title='bbox 510 1609 786 1668; x_wconf 87' lang='lat' dir='ltr'>Romanis</span> <span class='ocrx_word' id='word_1_97' title='bbox 839 1613 1088 1688; x_wconf 86' lang='lat' dir='ltr'>receptis</span> <span class='ocrx_word' id='word_1_98' title='bbox 1141 1613 1328 1670; x_wconf 91' lang='lat' dir='ltr'>omnis</span> <span class='ocrx_word' id='word_1_99' title='bbox 1387 1615 1695 1670; x_wconf 89' lang='lat' dir='ltr'>euanescet</span> <span class='ocrx_word' id='word_1_100' title='bbox 1749 1610 2044 1670; x_wconf 88' lang='lat' dir='ltr'>dubitatio</span> <span class='ocrx_word' id='word_1_101' title='bbox 2100 1612 2170 1671; x_wconf 90' lang='lat' dir='ltr'>de</span> <span class='ocrx_word' id='word_1_102' title='bbox 2213 1610 2330 1670; x_wconf 90' lang='lat' dir='ltr'>fide</span> <span class='ocrx_word' id='word_1_103' title='bbox 2372 1610 2588 1670; x_wconf 87' lang='lat' dir='ltr'>Suidae</span> <span class='ocrx_word' id='word_1_104' title='bbox 2643 1614 2729 1668; x_wconf 91' lang='lat' dir='ltr'>te-</span> 
     </span>
     <span class='ocr_line' id='line_1_14' title="bbox 430 1709 2729 1788; baseline -0.001 -20"><span class='ocrx_word' id='word_1_105' title='bbox 430 1711 644 1768; x_wconf 89' lang='lat' dir='ltr'>stantis</span> <span class='ocrx_word' id='word_1_106' title='bbox 683 1709 846 1768; x_wconf 90' lang='lat' dir='ltr'>illum</span> <span class='ocrx_word' id='word_1_107' title='bbox 910 1710 981 1768; x_wconf 92' lang='lat' dir='ltr'>de</span> <span class='ocrx_word' id='word_1_108' title='bbox 1042 1711 1181 1771; x_wconf 87' lang='lat' dir='ltr'>solis</span> <span class='ocrx_word' id='word_1_109' title='bbox 1226 1711 1618 1770; x_wconf 89' lang='lat' dir='ltr'>Romanorum</span> <span class='ocrx_word' id='word_1_110' title='bbox 1671 1712 2021 1788; x_wconf 84' lang='lat' dir='ltr'>spectaculis</span> <span class='ocrx_word' id='word_1_111' title='bbox 2068 1717 2131 1771; x_wconf 91' lang='lat' dir='ltr'>et</span> <span class='ocrx_word' id='word_1_112' title='bbox 2172 1711 2605 1781; x_wconf 75' lang='lat' dir='ltr'>certaminibuS,</span> <span class='ocrx_word' id='word_1_113' title='bbox 2670 1712 2729 1774; x_wconf 85' lang='lat' dir='ltr'>in</span> 
     </span>
     <span class='ocr_line' id='line_1_15' title="bbox 430 1813 2731 1890; baseline 0 -22"><span class='ocrx_word' id='word_1_114' title='bbox 430 1831 679 1888; x_wconf 90' lang='lat' dir='ltr'>quorum</span> <span class='ocrx_word' id='word_1_115' title='bbox 738 1832 974 1870; x_wconf 87' lang='lat' dir='ltr'>numero</span> <span class='ocrx_word' id='word_1_116' title='bbox 1033 1815 1338 1890; x_wconf 89' lang='lat' dir='ltr'>scriptoris</span> <span class='ocrx_word' id='word_1_117' title='bbox 1406 1818 1600 1871; x_wconf 88' lang='lat' dir='ltr'>aetate</span> <span class='ocrx_word' id='word_1_118' title='bbox 1654 1814 1827 1872; x_wconf 85' lang='lat' dir='ltr'>etiam</span> <span class='ocrx_word' id='word_1_119' title='bbox 1889 1833 2101 1889; x_wconf 85' lang='lat' dir='ltr'>agones</span> <span class='ocrx_word' id='word_1_120' title='bbox 2172 1819 2361 1883; x_wconf 91' lang='lat' dir='ltr'>erant,</span> <span class='ocrx_word' id='word_1_121' title='bbox 2429 1813 2731 1889; x_wconf 86' lang='lat' dir='ltr'>scripsisse</span> 
     </span>
     <span class='ocr_line' id='line_1_16' title="bbox 431 1912 2732 1990; baseline 0 -21"><span class='ocrx_word' id='word_1_122' title='bbox 431 1912 665 1970; x_wconf 90' lang='lat' dir='ltr'>librum.</span> <span class='ocrx_word' id='word_1_123' title='bbox 753 1914 952 1990; x_wconf 89' lang='lat' dir='ltr'>Atque</span> <span class='ocrx_word' id='word_1_124' title='bbox 982 1915 1158 1971; x_wconf 91' lang='lat' dir='ltr'>etiam</span> <span class='ocrx_word' id='word_1_125' title='bbox 1202 1934 1503 1972; x_wconf 90' lang='lat' dir='ltr'>numerum</span> <span class='ocrx_word' id='word_1_126' title='bbox 1536 1913 1818 1972; x_wconf 90' lang='lat' dir='ltr'>librorum</span> <span class='ocrx_word' id='word_1_127' title='bbox 1864 1920 2023 1973; x_wconf 90' lang='lat' dir='ltr'>recte</span> <span class='ocrx_word' id='word_1_128' title='bbox 2053 1914 2264 1973; x_wconf 85' lang='lat' dir='ltr'>Suidas</span> <span class='ocrx_word' id='word_1_129' title='bbox 2309 1914 2451 1972; x_wconf 89' lang='lat' dir='ltr'>mibi</span> <span class='ocrx_word' id='word_1_130' title='bbox 2492 1913 2732 1970; x_wconf 85' lang='lat' dir='ltr'>uidetur</span> 
     </span>
     <span class='ocr_line' id='line_1_17' title="bbox 432 2014 2729 2092; baseline 0.001 -23"><span class='ocrx_word' id='word_1_131' title='bbox 432 2014 749 2071; x_wconf 89' lang='lat' dir='ltr'>rettulisse.</span> <span class='ocrx_word' id='word_1_132' title='bbox 840 2015 985 2071; x_wconf 89' lang='lat' dir='ltr'>Nam</span> <span class='ocrx_word' id='word_1_133' title='bbox 1043 2020 1329 2091; x_wconf 85' lang='lat' dir='ltr'>quattuor</span> <span class='ocrx_word' id='word_1_134' title='bbox 1385 2015 1487 2073; x_wconf 90' lang='lat' dir='ltr'>illa</span> <span class='ocrx_word' id='word_1_135' title='bbox 1544 2016 2011 2092; x_wconf 84' lang='lat' dir='ltr'>spectaculorum</span> <span class='ocrx_word' id='word_1_136' title='bbox 2066 2035 2285 2092; x_wconf 88' lang='lat' dir='ltr'>genera</span> <span class='ocrx_word' id='word_1_137' title='bbox 2342 2014 2535 2072; x_wconf 88' lang='lat' dir='ltr'>diuisa</span> <span class='ocrx_word' id='word_1_138' title='bbox 2592 2019 2729 2072; x_wconf 92' lang='lat' dir='ltr'>sunt</span> 
     </span>
     <span class='ocr_line' id='line_1_18' title="bbox 432 2114 2730 2193; baseline -0.001 -24"><span class='ocrx_word' id='word_1_139' title='bbox 432 2115 492 2171; x_wconf 90' lang='lat' dir='ltr'>in</span> <span class='ocrx_word' id='word_1_140' title='bbox 537 2119 736 2192; x_wconf 83' lang='lat' dir='ltr'>partes</span> <span class='ocrx_word' id='word_1_141' title='bbox 782 2115 947 2187; x_wconf 86' lang='lat' dir='ltr'>duas,</span> <span class='ocrx_word' id='word_1_142' title='bbox 993 2134 1239 2191; x_wconf 89' lang='lat' dir='ltr'>quarum</span> <span class='ocrx_word' id='word_1_143' title='bbox 1283 2117 1479 2193; x_wconf 89' lang='lat' dir='ltr'>priore</span> <span class='ocrx_word' id='word_1_144' title='bbox 1514 2115 1635 2173; x_wconf 91' lang='lat' dir='ltr'>ludi</span> <span class='ocrx_word' id='word_1_145' title='bbox 1683 2117 1993 2193; x_wconf 88' lang='lat' dir='ltr'>utriusque</span> <span class='ocrx_word' id='word_1_146' title='bbox 2035 2117 2282 2191; x_wconf 78' lang='lat' dir='ltr'>generiS,</span> <span class='ocrx_word' id='word_1_147' title='bbox 2330 2114 2431 2191; x_wconf 91' lang='lat' dir='ltr'>qui</span> <span class='ocrx_word' id='word_1_148' title='bbox 2475 2115 2730 2189; x_wconf 89' lang='lat' dir='ltr'>antiqui-</span> 
     </span>
     <span class='ocr_line' id='line_1_19' title="bbox 434 2213 2734 2293; baseline -0.001 -21"><span class='ocrx_word' id='word_1_149' title='bbox 434 2220 531 2272; x_wconf 92' lang='lat' dir='ltr'>tus</span> <span class='ocrx_word' id='word_1_150' title='bbox 595 2215 813 2274; x_wconf 88' lang='lat' dir='ltr'>Romae</span> <span class='ocrx_word' id='word_1_151' title='bbox 877 2217 1297 2291; x_wconf 78' lang='lat' dir='ltr'>spectabantur</span> <span class='ocrx_word' id='word_1_152' title='bbox 1365 2221 1426 2274; x_wconf 88' lang='lat' dir='ltr'>et</span> <span class='ocrx_word' id='word_1_153' title='bbox 1492 2216 1713 2274; x_wconf 89' lang='lat' dir='ltr'>liberae</span> <span class='ocrx_word' id='word_1_154' title='bbox 1778 2216 2134 2293; x_wconf 85' lang='lat' dir='ltr'>reipublicae</span> <span class='ocrx_word' id='word_1_155' title='bbox 2196 2213 2558 2290; x_wconf 83' lang='lat' dir='ltr'>temporibus</span> <span class='ocrx_word' id='word_1_156' title='bbox 2625 2213 2734 2270; x_wconf 89' lang='lat' dir='ltr'>soli</span> 
     </span>
     <span class='ocr_line' id='line_1_20' title="bbox 432 2311 2726 2395; baseline -0.001 -23"><span class='ocrx_word' id='word_1_157' title='bbox 432 2314 667 2393; x_wconf 90' lang='lat' dir='ltr'>publice</span> <span class='ocrx_word' id='word_1_158' title='bbox 710 2316 1036 2375; x_wconf 87' lang='lat' dir='ltr'>edebantur</span> <span class='ocrx_word' id='word_1_159' title='bbox 1059 2311 1130 2392; x_wconf 77' lang='lat'>⁸),</span> <span class='ocrx_word' id='word_1_160' title='bbox 1178 2317 1368 2375; x_wconf 86' lang='lat' dir='ltr'>altera</span> <span class='ocrx_word' id='word_1_161' title='bbox 1407 2322 1603 2375; x_wconf 88' lang='lat' dir='ltr'>cetera</span> <span class='ocrx_word' id='word_1_162' title='bbox 1648 2317 1978 2395; x_wconf 90' lang='lat' dir='ltr'>spectacula</span> <span class='ocrx_word' id='word_1_163' title='bbox 2023 2335 2274 2390; x_wconf 85' lang='lat' dir='ltr'>agonum</span> <span class='ocrx_word' id='word_1_164' title='bbox 2322 2320 2382 2373; x_wconf 92' lang='lat' dir='ltr'>et</span> <span class='ocrx_word' id='word_1_165' title='bbox 2425 2334 2726 2371; x_wconf 91' lang='lat' dir='ltr'>munerum</span> 
     </span>
     <span class='ocr_line' id='line_1_21' title="bbox 437 2414 2731 2489; baseline -0.003 -14"><span class='ocrx_word' id='word_1_166' title='bbox 437 2416 906 2477; x_wconf 88' lang='lat' dir='ltr'>continebantur.</span> <span class='ocrx_word' id='word_1_167' title='bbox 996 2418 1213 2489; x_wconf 78' lang='lat' dir='ltr'>Quodsi</span> <span class='ocrx_word' id='word_1_168' title='bbox 1273 2418 1368 2477; x_wconf 92' lang='lat' dir='ltr'>uel</span> <span class='ocrx_word' id='word_1_169' title='bbox 1433 2417 1507 2476; x_wconf 94' lang='lat' dir='ltr'>ob</span> <span class='ocrx_word' id='word_1_170' title='bbox 1575 2417 1726 2476; x_wconf 87' lang='lat' dir='ltr'>hanc</span> <span class='ocrx_word' id='word_1_171' title='bbox 1789 2437 2019 2476; x_wconf 89' lang='lat' dir='ltr'>causam</span> <span class='ocrx_word' id='word_1_172' title='bbox 2082 2417 2351 2474; x_wconf 90' lang='lat' dir='ltr'>idoneum</span> <span class='ocrx_word' id='word_1_173' title='bbox 2418 2414 2731 2473; x_wconf 88' lang='lat' dir='ltr'>uidebatur</span> 
     </span>
     <span class='ocr_line' id='line_1_22' title="bbox 434 2514 2732 2596; baseline -0 -20"><span class='ocrx_word' id='word_1_174' title='bbox 434 2517 578 2577; x_wconf 89' lang='lat' dir='ltr'>duas</span> <span class='ocrx_word' id='word_1_175' title='bbox 642 2524 841 2594; x_wconf 88' lang='lat' dir='ltr'>partes</span> <span class='ocrx_word' id='word_1_176' title='bbox 904 2518 1133 2579; x_wconf 90' lang='lat' dir='ltr'>duobus</span> <span class='ocrx_word' id='word_1_177' title='bbox 1191 2518 1543 2579; x_wconf 87' lang='lat' dir='ltr'>distribuere</span> <span class='ocrx_word' id='word_1_178' title='bbox 1600 2518 1785 2589; x_wconf 87' lang='lat' dir='ltr'>libris,</span> <span class='ocrx_word' id='word_1_179' title='bbox 1852 2518 1911 2576; x_wconf 88' lang='lat' dir='ltr'>id</span> <span class='ocrx_word' id='word_1_180' title='bbox 1956 2538 2025 2577; x_wconf 89' lang='lat' dir='ltr'>ea</span> <span class='ocrx_word' id='word_1_181' title='bbox 2070 2538 2153 2596; x_wconf 88' lang='lat' dir='ltr'>re,</span> <span class='ocrx_word' id='word_1_182' title='bbox 2219 2515 2374 2595; x_wconf 90' lang='lat' dir='ltr'>quod</span> <span class='ocrx_word' id='word_1_183' title='bbox 2420 2514 2732 2575; x_wconf 90' lang='lat' dir='ltr'>Suetonius</span> 
     </span>
     <span class='ocr_line' id='line_1_23' title="bbox 437 2619 2733 2700; baseline -0.001 -22"><span class='ocrx_word' id='word_1_184' title='bbox 437 2619 718 2695; x_wconf 87' lang='lat' dir='ltr'>originem</span> <span class='ocrx_word' id='word_1_185' title='bbox 762 2620 1085 2699; x_wconf 83' lang='lat' dir='ltr'>titulosque</span> <span class='ocrx_word' id='word_1_186' title='bbox 1127 2625 1437 2700; x_wconf 89' lang='lat' dir='ltr'>utriusque</span> <span class='ocrx_word' id='word_1_187' title='bbox 1486 2623 1719 2697; x_wconf 89' lang='lat' dir='ltr'>generis</span> <span class='ocrx_word' id='word_1_188' title='bbox 1776 2620 2045 2680; x_wconf 92' lang='lat' dir='ltr'>ludorum</span> <span class='ocrx_word' id='word_1_189' title='bbox 2097 2640 2214 2678; x_wconf 91' lang='lat' dir='ltr'>uno</span> <span class='ocrx_word' id='word_1_190' title='bbox 2266 2621 2393 2678; x_wconf 90' lang='lat' dir='ltr'>loco</span> <span class='ocrx_word' id='word_1_191' title='bbox 2431 2620 2733 2696; x_wconf 88' lang='lat' dir='ltr'>tractauit,</span> 
     </span>
    </p>
   </div>
   <div class='ocr_carea' id='block_1_3' title="bbox 436 2777 831 2784">
    <p class='ocr_par' dir='ltr' id='par_1_4' title="bbox 436 2777 831 2784">
     <span class='ocr_line' id='line_1_24' title="bbox 436 2777 831 2784; baseline 0 0"><span class='ocrx_word' id='word_1_192' title='bbox 436 2777 831 2784; x_wconf 95' lang='lat' dir='ltr'> </span> 
     </span>
    </p>
   </div>
   <div class='ocr_carea' id='block_1_4' title="bbox 435 2865 2737 4439">
    <p class='ocr_par' dir='ltr' id='par_1_5' title="bbox 435 2865 2735 3905">
     <span class='ocr_line' id='line_1_25' title="bbox 436 2865 2734 2937; baseline 0 -18"><span class='ocrx_word' id='word_1_193' title='bbox 436 2865 693 2919; x_wconf 88' lang='lat' dir='ltr'>similium</span> <span class='ocrx_word' id='word_1_194' title='bbox 752 2866 1050 2922; x_wconf 86' lang='lat' dir='ltr'>artificum.</span> <span class='ocrx_word' id='word_1_195' title='bbox 1125 2866 1432 2937; x_wconf 87' lang='lat' dir='ltr'>Collegium</span> <span class='ocrx_word' id='word_1_196' title='bbox 1488 2868 1692 2921; x_wconf 83' lang='lat' dir='ltr'>artium</span> <span class='ocrx_word' id='word_1_197' title='bbox 1732 2866 2072 2921; x_wconf 85' lang='lat' dir='ltr'>Musicarum</span> <span class='ocrx_word' id='word_1_198' title='bbox 2130 2870 2189 2919; x_wconf 92' lang='lat' dir='ltr'>et</span> <span class='ocrx_word' id='word_1_199' title='bbox 2233 2865 2622 2920; x_wconf 87' lang='lat' dir='ltr'>Minerualium</span> <span class='ocrx_word' id='word_1_200' title='bbox 2678 2871 2734 2920; x_wconf 89' lang='lat' dir='ltr'>et</span> 
     </span>
     <span class='ocr_line' id='line_1_26' title="bbox 439 2952 2729 3027; baseline 0.001 -22"><span class='ocrx_word' id='word_1_201' title='bbox 439 2952 847 3022; x_wconf 86' lang='lat' dir='ltr'>Apollinarium</span> <span class='ocrx_word' id='word_1_202' title='bbox 886 2956 953 3023; x_wconf 89' lang='lat' dir='ltr'>(e.</span> <span class='ocrx_word' id='word_1_203' title='bbox 988 2955 1093 3027; x_wconf 83' lang='grc'>11),</span> <span class='ocrx_word' id='word_1_204' title='bbox 1131 2955 1279 3025; x_wconf 87' lang='lat' dir='ltr'>quod</span> <span class='ocrx_word' id='word_1_205' title='bbox 1318 2955 1511 3009; x_wconf 89' lang='lat' dir='ltr'>eodem</span> <span class='ocrx_word' id='word_1_206' title='bbox 1551 2956 1735 3025; x_wconf 89' lang='lat' dir='ltr'>mod0,</span> <span class='ocrx_word' id='word_1_207' title='bbox 1774 2973 1882 3025; x_wconf 90' lang='lat' dir='ltr'>quo</span> <span class='ocrx_word' id='word_1_208' title='bbox 1923 2955 1992 3008; x_wconf 87' lang='lat' dir='ltr'>ad</span> <span class='ocrx_word' id='word_1_209' title='bbox 2030 2955 2260 3019; x_wconf 88' lang='lat' dir='ltr'>circum,</span> <span class='ocrx_word' id='word_1_210' title='bbox 2298 2954 2468 3008; x_wconf 90' lang='lat' dir='ltr'>etiam</span> <span class='ocrx_word' id='word_1_211' title='bbox 2508 2954 2580 3008; x_wconf 88' lang='lat' dir='ltr'>ad</span> <span class='ocrx_word' id='word_1_212' title='bbox 2619 2959 2729 3008; x_wconf 89' lang='lat' dir='ltr'>sta-</span> 
     </span>
     <span class='ocr_line' id='line_1_27' title="bbox 435 3042 2733 3111; baseline 0.001 -16"><span class='ocrx_word' id='word_1_213' title='bbox 435 3042 588 3095; x_wconf 88' lang='lat' dir='ltr'>dium</span> <span class='ocrx_word' id='word_1_214' title='bbox 625 3042 906 3109; x_wconf 86' lang='lat' dir='ltr'>pertinere</span> <span class='ocrx_word' id='word_1_215' title='bbox 948 3043 1282 3098; x_wconf 87' lang='lat' dir='ltr'>Tertulliani</span> <span class='ocrx_word' id='word_1_216' title='bbox 1326 3044 1498 3098; x_wconf 87' lang='lat' dir='ltr'>uerba</span> <span class='ocrx_word' id='word_1_217' title='bbox 1543 3043 1791 3097; x_wconf 88' lang='lat' dir='ltr'>indicare</span> <span class='ocrx_word' id='word_1_218' title='bbox 1830 3042 2113 3111; x_wconf 87' lang='lat' dir='ltr'>uidentur,</span> <span class='ocrx_word' id='word_1_219' title='bbox 2161 3043 2302 3095; x_wconf 84' lang='lat' dir='ltr'>nihil</span> <span class='ocrx_word' id='word_1_220' title='bbox 2352 3043 2500 3097; x_wconf 86' lang='lat' dir='ltr'>alind</span> <span class='ocrx_word' id='word_1_221' title='bbox 2539 3043 2733 3098; x_wconf 84' lang='lat' dir='ltr'>fecisse</span> 
     </span>
     <span class='ocr_line' id='line_1_28' title="bbox 437 3131 2735 3201; baseline 0 -16"><span class='ocrx_word' id='word_1_222' title='bbox 437 3131 651 3201; x_wconf 87' lang='lat' dir='ltr'>opinor,</span> <span class='ocrx_word' id='word_1_223' title='bbox 689 3132 796 3184; x_wconf 90' lang='lat' dir='ltr'>nisi</span> <span class='ocrx_word' id='word_1_224' title='bbox 835 3137 897 3184; x_wconf 87' lang='lat' dir='ltr'>ut</span> <span class='ocrx_word' id='word_1_225' title='bbox 923 3131 1146 3185; x_wconf 87' lang='lat' dir='ltr'>athletis</span> <span class='ocrx_word' id='word_1_226' title='bbox 1184 3133 1562 3201; x_wconf 85' lang='lat' dir='ltr'>pugnantibus</span> <span class='ocrx_word' id='word_1_227' title='bbox 1608 3136 1862 3187; x_wconf 84' lang='lat' dir='ltr'>cantaret</span> <span class='ocrx_word' id='word_1_228' title='bbox 1906 3131 2113 3185; x_wconf 87' lang='lat' dir='ltr'>fidibus</span> <span class='ocrx_word' id='word_1_229' title='bbox 2152 3131 2308 3185; x_wconf 85' lang='lat' dir='ltr'>tibiis</span> <span class='ocrx_word' id='word_1_230' title='bbox 2346 3133 2513 3186; x_wconf 88' lang='lat' dir='ltr'>tubis.</span> <span class='ocrx_word' id='word_1_231' title='bbox 2572 3132 2735 3186; x_wconf 89' lang='lat' dir='ltr'>Prae-</span> 
     </span>
     <span class='ocr_line' id='line_1_29' title="bbox 436 3220 2732 3290; baseline -0 -15"><span class='ocrx_word' id='word_1_232' title='bbox 436 3228 591 3275; x_wconf 87' lang='lat' dir='ltr'>terea</span> <span class='ocrx_word' id='word_1_233' title='bbox 627 3222 813 3275; x_wconf 87' lang='lat' dir='ltr'>nescio</span> <span class='ocrx_word' id='word_1_234' title='bbox 850 3239 919 3275; x_wconf 90' lang='lat' dir='ltr'>an</span> <span class='ocrx_word' id='word_1_235' title='bbox 956 3237 1004 3275; x_wconf 89' lang='lat' dir='ltr'>c.</span> <span class='ocrx_word' id='word_1_236' title='bbox 1047 3223 1108 3274; x_wconf 83' lang='lat'>11</span> <span class='ocrx_word' id='word_1_237' title='bbox 1149 3220 1218 3274; x_wconf 88' lang='lat' dir='ltr'>de</span> <span class='ocrx_word' id='word_1_238' title='bbox 1268 3221 1500 3290; x_wconf 76' lang='lat' dir='ltr'>Pythfis,</span> <span class='ocrx_word' id='word_1_239' title='bbox 1553 3237 1788 3289; x_wconf 89' lang='lat' dir='ltr'>quorum</span> <span class='ocrx_word' id='word_1_240' title='bbox 1830 3221 2008 3274; x_wconf 87' lang='lat' dir='ltr'>maior</span> <span class='ocrx_word' id='word_1_241' title='bbox 2048 3237 2178 3289; x_wconf 89' lang='lat' dir='ltr'>pars</span> <span class='ocrx_word' id='word_1_242' title='bbox 2225 3238 2293 3274; x_wconf 80' lang='lat' dir='ltr'>ex</span> <span class='ocrx_word' id='word_1_243' title='bbox 2333 3221 2732 3275; x_wconf 86' lang='lat' dir='ltr'>certaminibus</span> 
     </span>
     <span class='ocr_line' id='line_1_30' title="bbox 439 3308 2733 3379; baseline 0.001 -20"><span class='ocrx_word' id='word_1_244' title='bbox 439 3308 660 3362; x_wconf 87' lang='lat' dir='ltr'>musicis</span> <span class='ocrx_word' id='word_1_245' title='bbox 715 3310 1023 3377; x_wconf 84' lang='lat' dir='ltr'>constabat,</span> <span class='ocrx_word' id='word_1_246' title='bbox 1078 3310 1149 3363; x_wconf 95' lang='lat' dir='ltr'>ob</span> <span class='ocrx_word' id='word_1_247' title='bbox 1202 3309 1346 3364; x_wconf 85' lang='lat' dir='ltr'>hanc</span> <span class='ocrx_word' id='word_1_248' title='bbox 1394 3312 1569 3379; x_wconf 89' lang='lat' dir='ltr'>ipsam</span> <span class='ocrx_word' id='word_1_249' title='bbox 1628 3326 1849 3363; x_wconf 87' lang='lat' dir='ltr'>causam</span> <span class='ocrx_word' id='word_1_250' title='bbox 1896 3309 2157 3363; x_wconf 85' lang='lat' dir='ltr'>tacuerit.</span> <span class='ocrx_word' id='word_1_251' title='bbox 2231 3308 2476 3362; x_wconf 89' lang='lat' dir='ltr'>Isidorus</span> <span class='ocrx_word' id='word_1_252' title='bbox 2512 3309 2733 3378; x_wconf 88' lang='lat' dir='ltr'>quidem</span> 
     </span>
     <span class='ocr_line' id='line_1_31' title="bbox 438 3381 2728 3466; baseline 0 -18"><span class='ocrx_word' id='word_1_253' title='bbox 438 3397 473 3448; x_wconf 90' lang='lat' dir='ltr'>l.</span> <span class='ocrx_word' id='word_1_254' title='bbox 501 3414 545 3450; x_wconf 91' lang='lat' dir='ltr'>c.</span> <span class='ocrx_word' id='word_1_255' title='bbox 574 3414 618 3451; x_wconf 93' lang='lat' dir='ltr'>c.</span> <span class='ocrx_word' id='word_1_256' title='bbox 647 3397 716 3449; x_wconf 83' lang='lat'>26</span> <span class='ocrx_word' id='word_1_257' title='bbox 749 3397 898 3451; x_wconf 90' lang='lat' dir='ltr'>inter</span> <span class='ocrx_word' id='word_1_258' title='bbox 924 3381 1164 3465; x_wconf 64' lang='lat' dir='ltr'>agonum</span> <span class='ocrx_word' id='word_1_259' title='bbox 1203 3415 1407 3466; x_wconf 90' lang='lat' dir='ltr'>genera</span> <span class='ocrx_word' id='word_1_260' title='bbox 1444 3398 1610 3453; x_wconf 88' lang='lat' dir='ltr'>etiam</span> <span class='ocrx_word' id='word_1_261' title='bbox 1638 3404 1919 3451; x_wconf 89' lang='lat' dir='ltr'>certamen</span> <span class='ocrx_word' id='word_1_262' title='bbox 1956 3396 2027 3450; x_wconf 89' lang='lat' dir='ltr'>de</span> <span class='ocrx_word' id='word_1_263' title='bbox 2052 3397 2315 3451; x_wconf 88' lang='lat' dir='ltr'>cantandi</span> <span class='ocrx_word' id='word_1_264' title='bbox 2352 3398 2728 3452; x_wconf 88' lang='lat' dir='ltr'>modulatione</span> 
     </span>
     <span class='ocr_line' id='line_1_32' title="bbox 439 3485 2734 3557; baseline 0.001 -21"><span class='ocrx_word' id='word_1_265' title='bbox 439 3490 725 3551; x_wconf 88' lang='lat' dir='ltr'>memorat,</span> <span class='ocrx_word' id='word_1_266' title='bbox 764 3485 861 3539; x_wconf 89' lang='lat' dir='ltr'>sed</span> <span class='ocrx_word' id='word_1_267' title='bbox 898 3485 999 3539; x_wconf 92' lang='lat' dir='ltr'>hoc</span> <span class='ocrx_word' id='word_1_268' title='bbox 1035 3487 1160 3540; x_wconf 92' lang='lat' dir='ltr'>loco</span> <span class='ocrx_word' id='word_1_269' title='bbox 1187 3486 1500 3555; x_wconf 89' lang='lat' dir='ltr'>complures</span> <span class='ocrx_word' id='word_1_270' title='bbox 1537 3503 1627 3557; x_wconf 83' lang='lat' dir='ltr'>res</span> <span class='ocrx_word' id='word_1_271' title='bbox 1660 3487 1933 3556; x_wconf 84' lang='lat' dir='ltr'>congerit,</span> <span class='ocrx_word' id='word_1_272' title='bbox 1971 3503 2110 3555; x_wconf 90' lang='lat' dir='ltr'>quae</span> <span class='ocrx_word' id='word_1_273' title='bbox 2140 3502 2266 3539; x_wconf 92' lang='lat' dir='ltr'>cum</span> <span class='ocrx_word' id='word_1_274' title='bbox 2303 3488 2569 3555; x_wconf 86' lang='lat' dir='ltr'>agonibus</span> <span class='ocrx_word' id='word_1_275' title='bbox 2596 3486 2734 3539; x_wconf 88' lang='lat' dir='ltr'>nihil</span> 
     </span>
     <span class='ocr_line' id='line_1_33' title="bbox 437 3573 2734 3644; baseline 0.001 -19"><span class='ocrx_word' id='word_1_276' title='bbox 437 3573 645 3625; x_wconf 87' lang='lat' dir='ltr'>habent</span> <span class='ocrx_word' id='word_1_277' title='bbox 687 3591 994 3643; x_wconf 87' lang='lat' dir='ltr'>commune,</span> <span class='ocrx_word' id='word_1_278' title='bbox 1045 3574 1201 3627; x_wconf 88' lang='lat' dir='ltr'>uelut</span> <span class='ocrx_word' id='word_1_279' title='bbox 1238 3573 1558 3643; x_wconf 89' lang='lat' dir='ltr'>„terrestris</span> <span class='ocrx_word' id='word_1_280' title='bbox 1598 3574 1728 3627; x_wconf 90' lang='lat' dir='ltr'>belli</span> <span class='ocrx_word' id='word_1_281' title='bbox 1765 3578 1821 3628; x_wconf 89' lang='lat' dir='ltr'>et</span> <span class='ocrx_word' id='word_1_282' title='bbox 1858 3575 2071 3627; x_wconf 90' lang='lat' dir='ltr'>naualis</span> <span class='ocrx_word' id='word_1_283' title='bbox 2109 3573 2309 3643; x_wconf 87' lang='lat' dir='ltr'>proelii</span> <span class='ocrx_word' id='word_1_284' title='bbox 2344 3575 2734 3644; x_wconf 89' lang='lat' dir='ltr'>perpetiendo-</span> 
     </span>
     <span class='ocr_line' id='line_1_34' title="bbox 438 3660 2733 3730; baseline 0 -17"><span class='ocrx_word' id='word_1_285' title='bbox 438 3678 671 3729; x_wconf 88' lang='lat' dir='ltr'>rumque</span> <span class='ocrx_word' id='word_1_286' title='bbox 698 3660 1096 3730; x_wconf 86' lang='lat' dir='ltr'>suppliciorum</span> <span class='ocrx_word' id='word_1_287' title='bbox 1125 3663 1481 3730; x_wconf 85' lang='lat' dir='ltr'>certamina“,</span> <span class='ocrx_word' id='word_1_288' title='bbox 1519 3662 1600 3714; x_wconf 90' lang='lat' dir='ltr'>ita</span> <span class='ocrx_word' id='word_1_289' title='bbox 1626 3666 1690 3714; x_wconf 88' lang='lat' dir='ltr'>ut</span> <span class='ocrx_word' id='word_1_290' title='bbox 1718 3661 1851 3715; x_wconf 90' lang='lat' dir='ltr'>mihi</span> <span class='ocrx_word' id='word_1_291' title='bbox 1879 3661 1953 3715; x_wconf 85' lang='lat' dir='ltr'>sit</span> <span class='ocrx_word' id='word_1_292' title='bbox 1986 3677 2306 3730; x_wconf 87' lang='lat' dir='ltr'>persuasum</span> <span class='ocrx_word' id='word_1_293' title='bbox 2332 3665 2504 3730; x_wconf 89' lang='lat' dir='ltr'>caput</span> <span class='ocrx_word' id='word_1_294' title='bbox 2533 3665 2733 3724; x_wconf 86' lang='lat' dir='ltr'>tot-um,</span> 
     </span>
     <span class='ocr_line' id='line_1_35' title="bbox 437 3747 2732 3819; baseline -0.001 -16"><span class='ocrx_word' id='word_1_295' title='bbox 437 3749 594 3803; x_wconf 88' lang='lat' dir='ltr'>cuius</span> <span class='ocrx_word' id='word_1_296' title='bbox 640 3767 768 3818; x_wconf 85' lang='lat' dir='ltr'>pars</span> <span class='ocrx_word' id='word_1_297' title='bbox 817 3749 972 3819; x_wconf 95' lang='lat' dir='ltr'>prior</span> <span class='ocrx_word' id='word_1_298' title='bbox 1020 3749 1160 3803; x_wconf 88' lang='lat' dir='ltr'>nihil</span> <span class='ocrx_word' id='word_1_299' title='bbox 1208 3749 1360 3803; x_wconf 88' lang='lat' dir='ltr'>aliud</span> <span class='ocrx_word' id='word_1_300' title='bbox 1404 3753 1600 3804; x_wconf 86' lang='lat' dir='ltr'>narrat</span> <span class='ocrx_word' id='word_1_301' title='bbox 1646 3750 1838 3803; x_wconf 84' lang='lat' dir='ltr'>nisic.</span> <span class='ocrx_word' id='word_1_302' title='bbox 1885 3750 1967 3818; x_wconf 88' lang='lat'>18,</span> <span class='ocrx_word' id='word_1_303' title='bbox 2015 3766 2125 3803; x_wconf 91' lang='lat' dir='ltr'>non</span> <span class='ocrx_word' id='word_1_304' title='bbox 2173 3766 2240 3803; x_wconf 85' lang='lat' dir='ltr'>ex</span> <span class='ocrx_word' id='word_1_305' title='bbox 2278 3747 2543 3803; x_wconf 87' lang='lat' dir='ltr'>Suet-onio</span> <span class='ocrx_word' id='word_1_306' title='bbox 2590 3766 2732 3802; x_wconf 90' lang='lat' dir='ltr'>sum-</span> 
     </span>
     <span class='ocr_line' id='line_1_36' title="bbox 438 3841 767 3905; baseline 0.003 -16"><span class='ocrx_word' id='word_1_307' title='bbox 438 3841 595 3905; x_wconf 89' lang='lat' dir='ltr'>ptum</span> <span class='ocrx_word' id='word_1_308' title='bbox 634 3853 767 3890; x_wconf 86' lang='lat' dir='ltr'>esse.</span> 
     </span>
    </p>

    <p class='ocr_par' dir='ltr' id='par_1_6' title="bbox 438 3924 2735 4083">
     <span class='ocr_line' id='line_1_37' title="bbox 651 3924 2735 3996; baseline 0.001 -19"><span class='ocrx_word' id='word_1_309' title='bbox 651 3927 700 3994; x_wconf 90' lang='lat'>1)</span> <span class='ocrx_word' id='word_1_310' title='bbox 737 3925 804 3979; x_wconf 84' lang='lat' dir='ltr'>M.</span> <span class='ocrx_word' id='word_1_311' title='bbox 834 3925 1066 3981; x_wconf 88' lang='lat' dir='ltr'>Fuluius</span> <span class='ocrx_word' id='word_1_312' title='bbox 1091 3926 1345 3981; x_wconf 88' lang='lat' dir='ltr'>Nobilior</span> <span class='ocrx_word' id='word_1_313' title='bbox 1380 3927 1593 3996; x_wconf 77' lang='lat' dir='ltr'>primus</span> <span class='ocrx_word' id='word_1_314' title='bbox 1639 3927 1874 3980; x_wconf 89' lang='lat' dir='ltr'>athletas</span> <span class='ocrx_word' id='word_1_315' title='bbox 1910 3943 1958 3980; x_wconf 87' lang='lat' dir='ltr'>a.</span> <span class='ocrx_word' id='word_1_316' title='bbox 1991 3928 2093 3980; x_wconf 80' lang='lat'>186</span> <span class='ocrx_word' id='word_1_317' title='bbox 2121 3925 2297 3980; x_wconf 89' lang='lat' dir='ltr'>edidit</span> <span class='ocrx_word' id='word_1_318' title='bbox 2334 3924 2475 3990; x_wconf 89' lang='lat' dir='ltr'>(Liu.</span> <span class='ocrx_word' id='word_1_319' title='bbox 2497 3924 2735 3979; x_wconf 89' lang='lat' dir='ltr'>XXXIX</span> 
     </span>
     <span class='ocr_line' id='line_1_38' title="bbox 438 4013 2617 4083; baseline 0 -18"><span class='ocrx_word' id='word_1_320' title='bbox 438 4013 555 4080; x_wconf 79' lang='lat'><strong>22);</strong></span> <span class='ocrx_word' id='word_1_321' title='bbox 592 4013 661 4066; x_wconf 82' lang='lat' dir='ltr'>cf.</span> <span class='ocrx_word' id='word_1_322' title='bbox 699 4015 866 4067; x_wconf 90' lang='lat' dir='ltr'>etiam</span> <span class='ocrx_word' id='word_1_323' title='bbox 906 4014 1327 4068; x_wconf 89' lang='lat' dir='ltr'>Friedlaenderi</span> <span class='ocrx_word' id='word_1_324' title='bbox 1371 4014 1906 4082; x_wconf 79' lang='lat' dir='ltr'>„Sittengeschichte</span> <span class='ocrx_word' id='word_1_325' title='bbox 1944 4013 2145 4069; x_wconf 87' lang='lat' dir='ltr'>Roms“</span> <span class='ocrx_word' id='word_1_326' title='bbox 2185 4013 2261 4066; x_wconf 80' lang='lat'>11³</span> <span class='ocrx_word' id='word_1_327' title='bbox 2287 4032 2340 4083; x_wconf 90' lang='lat' dir='ltr'>p.</span> <span class='ocrx_word' id='word_1_328' title='bbox 2368 4015 2472 4068; x_wconf 84' lang='lat'>459</span> <span class='ocrx_word' id='word_1_329' title='bbox 2500 4030 2617 4083; x_wconf 88' lang='lat' dir='ltr'>sqq.</span> 
     </span>
    </p>

    <p class='ocr_par' dir='ltr' id='par_1_7' title="bbox 441 4101 2737 4260">
     <span class='ocr_line' id='line_1_39' title="bbox 643 4101 2737 4171; baseline 0.002 -18"><span class='ocrx_word' id='word_1_330' title='bbox 643 4101 697 4167; x_wconf 83' lang='lat'>2)</span> <span class='ocrx_word' id='word_1_331' title='bbox 742 4102 821 4156; x_wconf 88' lang='lat' dir='ltr'>Cf.</span> <span class='ocrx_word' id='word_1_332' title='bbox 859 4104 1026 4156; x_wconf 86' lang='lat' dir='ltr'>etiam</span> <span class='ocrx_word' id='word_1_333' title='bbox 1064 4103 1266 4164; x_wconf 78' lang='lat' dir='ltr'>Isidori</span> <span class='ocrx_word' id='word_1_334' title='bbox 1302 4104 1471 4158; x_wconf 88' lang='lat' dir='ltr'>uerba</span> <span class='ocrx_word' id='word_1_335' title='bbox 1510 4120 1554 4156; x_wconf 90' lang='lat' dir='ltr'>c.</span> <span class='ocrx_word' id='word_1_336' title='bbox 1603 4105 1664 4156; x_wconf 87' lang='lat'>17</span> <span class='ocrx_word' id='word_1_337' title='bbox 1676 4119 1688 4158; x_wconf 72' lang='grc' dir='ltr'><strong>ε</strong></span> <span class='ocrx_word' id='word_1_338' title='bbox 1743 4118 1946 4171; x_wconf 91' lang='lat' dir='ltr'>„quare</span> <span class='ocrx_word' id='word_1_339' title='bbox 1984 4120 2051 4155; x_wconf 84' lang='lat' dir='ltr'>ex</span> <span class='ocrx_word' id='word_1_340' title='bbox 2089 4101 2308 4154; x_wconf 89' lang='lat' dir='ltr'>consilii</span> <span class='ocrx_word' id='word_1_341' title='bbox 2344 4101 2568 4156; x_wconf 86' lang='lat' dir='ltr'>decreto</span> <span class='ocrx_word' id='word_1_342' title='bbox 2604 4106 2737 4157; x_wconf 87' lang='lat' dir='ltr'>tunc</span> 
     </span>
     <span class='ocr_line' id='line_1_40' title="bbox 441 4190 2733 4260; baseline 0.002 -18"><span class='ocrx_word' id='word_1_343' title='bbox 441 4190 653 4243; x_wconf 88' lang='lat' dir='ltr'>archon</span> <span class='ocrx_word' id='word_1_344' title='bbox 695 4190 1088 4258; x_wconf 90' lang='lat' dir='ltr'>Hippomenes,</span> <span class='ocrx_word' id='word_1_345' title='bbox 1126 4194 1189 4244; x_wconf 93' lang='lat' dir='ltr'>ut</span> <span class='ocrx_word' id='word_1_346' title='bbox 1226 4191 1362 4244; x_wconf 88' lang='lat' dir='ltr'>nudi</span> <span class='ocrx_word' id='word_1_347' title='bbox 1405 4191 1665 4259; x_wconf 87' lang='lat' dir='ltr'>deinceps</span> <span class='ocrx_word' id='word_1_348' title='bbox 1703 4207 1892 4244; x_wconf 80' lang='lat' dir='ltr'>omnes</span> <span class='ocrx_word' id='word_1_349' title='bbox 1931 4190 2391 4259; x_wconf 87' lang='lat' dir='ltr'>exercitarentur,</span> <span class='ocrx_word' id='word_1_350' title='bbox 2431 4192 2733 4260; x_wconf 84' lang='lat' dir='ltr'>permisit“.</span> 
     </span>
    </p>

    <p class='ocr_par' dir='ltr' id='par_1_8' title="bbox 440 4278 2735 4439">
     <span class='ocr_line' id='line_1_41' title="bbox 639 4278 2734 4349; baseline 0.001 -18"><span class='ocrx_word' id='word_1_351' title='bbox 639 4281 690 4343; x_wconf 84' lang='lat'>3)</span> <span class='ocrx_word' id='word_1_352' title='bbox 732 4278 808 4332; x_wconf 82' lang='lat' dir='ltr'>cf.</span> <span class='ocrx_word' id='word_1_353' title='bbox 848 4278 1123 4347; x_wconf 85' lang='lat' dir='ltr'>imprimis</span> <span class='ocrx_word' id='word_1_354' title='bbox 1167 4279 1277 4332; x_wconf 85' lang='lat' dir='ltr'>Cic.</span> <span class='ocrx_word' id='word_1_355' title='bbox 1316 4279 1368 4332; x_wconf 80' lang='lat' dir='ltr'>tl.</span> <span class='ocrx_word' id='word_1_356' title='bbox 1409 4280 1552 4349; x_wconf 88' lang='lat' dir='ltr'>legg.</span> <span class='ocrx_word' id='word_1_357' title='bbox 1591 4280 1648 4332; x_wconf 93' lang='lat' dir='ltr'>II</span> <span class='ocrx_word' id='word_1_358' title='bbox 1687 4281 1784 4333; x_wconf 83' lang='lat'>38:</span> <span class='ocrx_word' id='word_1_359' title='bbox 1850 4280 1992 4347; x_wconf 89' lang='lat' dir='ltr'>„iam</span> <span class='ocrx_word' id='word_1_360' title='bbox 2042 4278 2159 4332; x_wconf 87' lang='lat' dir='ltr'>ludi</span> <span class='ocrx_word' id='word_1_361' title='bbox 2204 4279 2415 4349; x_wconf 93' lang='lat' dir='ltr'>publici</span> <span class='ocrx_word' id='word_1_362' title='bbox 2470 4281 2734 4348; x_wconf 90' lang='lat' dir='ltr'>quoniam</span> 
     </span>
     <span class='ocr_line' id='line_1_42' title="bbox 440 4367 2735 4439; baseline 0.002 -20"><span class='ocrx_word' id='word_1_363' title='bbox 440 4371 568 4419; x_wconf 84' lang='lat' dir='ltr'>sunt</span> <span class='ocrx_word' id='word_1_364' title='bbox 604 4383 774 4420; x_wconf 85' lang='lat' dir='ltr'>cauea</span> <span class='ocrx_word' id='word_1_365' title='bbox 798 4368 1057 4435; x_wconf 90' lang='lat' dir='ltr'>circoque</span> <span class='ocrx_word' id='word_1_366' title='bbox 1092 4367 1277 4434; x_wconf 88' lang='lat' dir='ltr'>diuisi,</span> <span class='ocrx_word' id='word_1_367' title='bbox 1315 4368 1389 4420; x_wconf 89' lang='lat' dir='ltr'>sit</span> <span class='ocrx_word' id='word_1_368' title='bbox 1414 4384 1715 4436; x_wconf 89' lang='lat' dir='ltr'>corporum</span> <span class='ocrx_word' id='word_1_369' title='bbox 1742 4368 2036 4422; x_wconf 88' lang='lat' dir='ltr'>certationi</span> <span class='ocrx_word' id='word_1_370' title='bbox 2074 4385 2239 4421; x_wconf 89' lang='lat' dir='ltr'>cursu</span> <span class='ocrx_word' id='word_1_371' title='bbox 2274 4372 2332 4421; x_wconf 90' lang='lat' dir='ltr'>et</span> <span class='ocrx_word' id='word_1_372' title='bbox 2369 4368 2735 4439; x_wconf 84' lang='lat' dir='ltr'>pugillatione</span> 
     </span>
    </p>
   </div>
   <div class='ocr_carea' id='block_1_5' title="bbox 439 4453 2735 4596">
    <p class='ocr_par' dir='ltr' id='par_1_9' title="bbox 439 4453 2735 4596">
     <span class='ocr_line' id='line_1_43' title="bbox 440 4453 2735 4524; baseline 0.001 -17"><span class='ocrx_word' id='word_1_373' title='bbox 440 4453 842 4522; x_wconf 84' lang='lat' dir='ltr'>curriculisque</span> <span class='ocrx_word' id='word_1_374' title='bbox 891 4472 1160 4524; x_wconf 87' lang='lat' dir='ltr'>equorum</span> <span class='ocrx_word' id='word_1_375' title='bbox 1199 4495 1211 4508; x_wconf 91' lang='lat'>.</span> <span class='ocrx_word' id='word_1_376' title='bbox 1253 4495 1266 4509; x_wconf 86' lang='lat'>.</span> <span class='ocrx_word' id='word_1_377' title='bbox 1307 4497 1319 4509; x_wconf 94' lang='lat'>.</span> <span class='ocrx_word' id='word_1_378' title='bbox 1358 4498 1369 4510; x_wconf 90' lang='lat'>.</span> <span class='ocrx_word' id='word_1_379' title='bbox 1409 4456 1591 4510; x_wconf 86' lang='lat' dir='ltr'>circus</span> <span class='ocrx_word' id='word_1_380' title='bbox 1641 4457 2000 4524; x_wconf 71' lang='lat' dir='ltr'>constitutuS,</span> <span class='ocrx_word' id='word_1_381' title='bbox 2050 4473 2218 4509; x_wconf 89' lang='lat' dir='ltr'>cauea</span> <span class='ocrx_word' id='word_1_382' title='bbox 2268 4461 2438 4511; x_wconf 90' lang='lat' dir='ltr'>cantu</span> <span class='ocrx_word' id='word_1_383' title='bbox 2483 4474 2622 4510; x_wconf 90' lang='lat' dir='ltr'>uoce</span> <span class='ocrx_word' id='word_1_384' title='bbox 2670 4473 2735 4510; x_wconf 88' lang='lat' dir='ltr'>ac</span> 
     </span>
     <span class='ocr_line' id='line_1_44' title="bbox 439 4539 977 4596; baseline 0.004 -3"><span class='ocrx_word' id='word_1_385' title='bbox 439 4539 642 4595; x_wconf 86' lang='lat' dir='ltr'>fidibus</span> <span class='ocrx_word' id='word_1_386' title='bbox 677 4545 735 4596; x_wconf 91' lang='lat' dir='ltr'>et</span> <span class='ocrx_word' id='word_1_387' title='bbox 772 4542 977 4596; x_wconf 87' lang='lat' dir='ltr'>tibiis“.</span> 
     </span>
    </p>
   </div>
  </div>
 </body>
</html>
