3190 5037
1382 1207 1648 1289 VI'l'A

1420 1392 1616 1403 ——

565 1539 759 1597 Natus
817 1558 944 1597 sum
999 1538 1220 1597 Paulus
1270 1536 1442 1596 Ionas
1498 1537 1682 1596 Meier
1733 1537 2124 1615 Magdeburgi
2181 1559 2233 1598 a.
2288 1538 2344 1598 h.
2401 1561 2446 1598 s.
2508 1539 2668 1598 LVII

368 1643 540 1715 patre
576 1638 901 1713 Francisco‚
953 1645 1143 1698 matre
1173 1640 1344 1696 Alma
1374 1638 1445 1697 de
1475 1644 1653 1712 gente
1683 1639 1945 1698 Kuehne.
2031 1639 2198 1700 Fidei
2238 1641 2505 1700 addictus
2537 1661 2666 1700 sum

367 1740 762 1815 euangelicae.
828 1742 896 1800 A.
927 1739 1086 1798 LXV
1133 1739 1562 1816 paedagogium
1609 1747 1848 1798 sanctae
1900 1741 2144 1816 uirginis
2189 1742 2245 1798 in
2291 1741 2488 1817 patria
2525 1740 2668 1809 adii,

368 1840 473 1899 ubi
521 1841 808 1917 imprimis
856 1841 1095 1898 Alfredo
1126 1840 1434 1898 Eberhard
1479 1859 1537 1898 u.
1587 1839 1657 1898 cl.
1702 1859 1842 1898 usus
1888 1860 2015 1898 sum
2052 1844 2450 1917 praeceptore.
2519 1839 2666 1897 Vere

371 1960 424 2000 a.
458 1940 709 1999 LXXVI
743 1942 1107 1999 maturitatis
1152 1940 1487 1998 testimonio
1529 1941 1855 1998 instructus
1897 1942 2052 1998 inter
2082 1940 2414 1998 academiae
2448 1939 2665 1997 Tubin·

273 2044 280 2049 ’
368 2043 565 2117 gensis
593 2046 863 2118 receptus
893 2061 1020 2099 sum
1054 2043 1209 2099 ciues
1251 2039 1450 2117 ibique
1487 2040 1783 2117 stipendia
1816 2042 1940 2099 feci.
2005 2040 2392 2099 Semestribus
2418 2039 2499 2097 111
2530 2047 2668 2117 post

371 2141 635 2201 Bonnam
679 2142 976 2219 profectus
1024 2162 1130 2219 per
1176 2141 1487 2199 triennium
1535 2140 1709 2199 huius
1765 2142 1954 2200 almae
2010 2143 2338 2200 studiorum
2386 2142 2539 2198 sedis
2583 2142 2668 2199 fui

369 2244 533 2303 ciuis.
622 2243 767 2301 Tum
815 2262 922 2320 per
964 2261 1063 2300 sex
1108 2261 1331 2300 menses
1363 2239 1683 2317 Gottingae
1718 2248 2112 2301 commoratus
2142 2261 2282 2301 uere
2320 2238 2501 2301 huius
2533 2243 2669 2300 anni

367 2343 481 2403 huc
526 2344 691 2403 redii.
1524 2353 1529 2358 '

572 2446 910 2504 Docuerunt
932 2463 1024 2502 me
1047 2444 1160 2501 uiri
1188 2443 1492 2502 clarissimi
1515 2441 1680 2502 Class
1703 2443 1884 2501 Flach
1910 2442 2114 2502 Henke
2137 2444 2368 2521 Herzog
2389 2443 2667 2504 Schwabe

361 2546 617 2623 Sigwart
671 2545 896 2605 Teuffel
957 2545 1382 2620 Tubingenses,
1451 2545 1775 2604 Buecheler
1830 2545 1902 2603 R.
1937 2545 2163 2603 Kekule
2218 2546 2338 2603 Leo
2391 2547 2662 2604 Mauren-

359 2646 609 2705 brecher
662 2647 709 2706 Ι.
754 2647 818 2705 Β.
862 2647 1065 2721 Meyer
1120 2644 1396 2703 Schaefer
1450 2646 1673 2704 Vsener
1730 2645 2095 2714 Bonnenses‚
2169 2645 2362 2704 Bruns
2423 2645 2665 2722 Dilthey

365 2744 585 2803 Koerte
627 2745 1065 2823 Gottingenses.
1151 2747 1230 2805 Vt
1272 2748 1331 2804 in
1379 2746 1753 2803 seminarium
1809 2744 2247 2821 philologorum
2302 2748 2525 2821 regium
2573 2766 2663 2804 re·

367 2849 609 2926 ciperer,
654 2849 993 2907 Buecheleri
1023 2854 1085 2907 et
1112 2848 1354 2907 Vseneri
1395 2847 1636 2924 egregia
1675 2865 1816 2922 erga
1859 2866 1948 2904 me
1995 2845 2403 2905 beneuolentia
2444 2846 2661 2904 factum

367 2954 481 3019 est;
526 2950 835 3009 seminario
879 2949 1293 3008 historicorum
1340 2968 1431 3007 me
1474 2947 1712 3007 admisit
1754 2945 2046 3006 Schaefer.
2122 2946 2661 3005 Exercitationibus

365 3051 485 3109 suis
543 3056 612 3110 ut
663 3053 1022 3127 interessem,
1091 3051 1339 3128 benigne
1385 3052 1798 3108 concesserunt
1862 3048 2260 3125 epigraphicis
2322 3047 2661 3119 Buecheler,

362 3149 817 3226 archaeologicis
862 3151 1089 3210 Kekule
1133 3158 1195 3211 et
1238 3152 1474 3222 Koerte,
1516 3149 1888 3229 philologieis
1932 3150 2071 3210 Leo,

564 3252 787 3324 Quibus
830 3255 973 3312 uiris
1018 3254 1287 3313 omnibus
1345 3254 1565 3332 optime
1611 3252 1683 3309 de
1737 3271 1830 3310 me
1883 3253 2125 3325 meritis,
2184 3254 2469 3332 imprimis
2520 3272 2662 3312 uero

362 3353 722 3412 Buechelero
767 3353 1029 3413 Kekuleo
1083 3355 1340 3414 Vsenero
1401 3355 1713 3414 maximam
1766 3352 1953 3412 habeo
2016 3355 2270 3431 gratiam
2316 3374 2661 3433 semperque

361 3453 612 3514 habebo.
