3190 5037
1714 307 1779 363 16

596 503 714 561 qua
757 486 962 560 pectus
1010 489 1190 562 atque
1233 487 1418 544 umeri
1451 488 1753 562 teguntur,
1800 485 2037 559 fastigio
2068 485 2320 562 aequali,
2364 485 2442 544 ad
2471 487 2650 545 imum
2689 502 2896 544 cunea-

598 586 715 643 tior
767 585 1111 645 mobilitatis
1171 605 1381 657 causa3
1447 586 1696 663 spongia
1751 575 1978 663 pe'ctori
2019 590 2425 662 tegumentum
2492 592 2551 646 et
2594 586 2896 644 sinistrum

599 706 731 745 crus
797 706 966 744 ocrea
1016 689 1271 753 tectum;
1334 687 1540 762 galeae
1607 687 1904 759 cristatae,
1973 706 2126 764 quae
2188 687 2438 764 speciem
2507 685 2897 762 magnitudini

596 788 911 859 adderent3
980 788 1217 847 tunicae
1259 790 1484 848 auratis
1528 787 1814 847 militibus
1859 788 2259 858 uersicolores,
2313 789 2643 864 argentatis
2685 788 2901 845 linteae

595 888 937 948 candidae“.
1023 888 1184 960 Quae
1228 908 1392 947 arma
1445 908 1572 946 cum
1622 886 1968 946 Samnitium
2029 907 2144 946 non
2187 889 2306 945 sint
2365 888 2855 963 gladiatorum
2885 931 2900 958 ‚

596 989 700 1048 sed
741 989 1066 1092 militum,
1114 1008 1229 1047 non
1273 995 1364 1048 est
1407 989 1637 1059 mirum,
1682 989 1732 1046 si
1775 989 1947 1066 plane
1991 988 2193 1046 eadem
2236 989 2296 1047 in
2340 990 2729 1048 monumentis
2773 989 2895 1047 fru-

595 1096 720 1150 stra
760 1096 1152 1167 quaeruntur;
1218 1088 1571 1148 exhibentur
1621 1093 1818 1148 tamen
1871 1090 1929 1147 in
1991 1088 2082 1150 his
2125 1109 2212 1165 ea,
2284 1099 2436 1167 quae
2478 1093 2715 1150 maximi
2758 1096 2898 1150 sunt

542 1256 547 1260 ,
596 1193 892 1250 momenti.
979 1192 1176 1268 Atque
1236 1192 1490 1268 primum
1553 1191 1787 1267 quidem
1852 1191 2076 1249 sinistri
2136 1191 2322 1250 cruris
2383 1212 2555 1251 ocrea
2617 1192 2900 1270 permulti

593 1293 785 1352 induti
840 1298 979 1352 sunt
1020 1292 1385 1369 gladiatores
1441 1292 1695 1370 depicti3
1764 1292 1950 1351 eidem
1997 1312 2137 1351 uero
2181 1312 2453 1368 magnum
2500 1293 2723 1353 habent
2765 1314 2894 1353 scu-

592 1399 739 1465 tum,
799 1396 962 1453 cuius
1024 1395 1215 1453 forma
1271 1395 1320 1452 si
1377 1414 1470 1452 res
1536 1394 1891 1452 minusculas
1954 1395 2195 1472 respicis
2263 1413 2451 1471 neque
2511 1394 2572 1453 in
2626 1395 2893 1454 omnibus

593 1497 982 1554 monumentis
1050 1495 1161 1552 sibi
1225 1500 1457 1553 constat
1522 1514 1708 1571 neque
1766 1495 1942 1572 plane
2006 1497 2275 1571 congruit
2340 1514 2469 1554 cum
2513 1516 2602 1567 ea,
2662 1515 2814 1574 quae
2856 1516 2892 1554 a

595 1594 767 1654 Liuio
797 1595 1177 1668 describitur3
1220 1597 1290 1654 cf.
1322 1596 1607 1672 imprimis
1653 1601 1823 1654 scuta
1850 1594 2241 1670 gladiatorum
2289 1597 2644 1654 monumenti
2690 1595 2893 1655 Scauri

594 1695 841 1767 (Mazois
895 1696 1091 1755 ruines
1144 1696 1215 1755 de
1272 1695 1526 1773 Pompee
1564 1696 1597 1754 I
1649 1695 1771 1754 tab.
1821 1688 1929 1774 32)
1976 1701 2038 1754 et
2088 1697 2448 1773 picturarum
2508 1696 2891 1775 Pompeiana·-

593 1818 723 1855 rum
770 1797 937 1869 (ibid.
978 1797 1056 1854 IV
1101 1797 1222 1856 tab.
1257 1799 1372 1870 483
1419 1795 1699 1856 Garrucci
1742 1797 1967 1872 graffiti
2014 1796 2135 1856 tab.
2181 1797 2239 1855 X
2269 1791 2354 1876 2).
2443 1796 2600 1857 Haec
2642 1796 2894 1875 paruula

595 1899 910 1958 diuersitas
955 1918 1246 1957 armorum
1293 1919 1409 1957 non
1445 1898 1689 1958 mirifica
1734 1903 1841 1971 est,
1884 1900 2232 1977 praesertim
2278 1918 2408 1958 cum
2448 1901 2509 1956 in
2545 1898 2675 1956 aliis
2704 1917 2893 1956 arma-

591 2000 741 2058 turis
813 1997 999 2057 multo
1071 2002 1293 2059 maiora
1366 2001 1650 2078 imprimis
1726 2005 2026 2060 scutorum
2096 2001 2473 2061 inueniuntur
2535 2000 2891 2061 discrimina.

594 2100 846 2159 Maxime
889 2120 1031 2160 uero
1075 2121 1246 2160 ocrea
1288 2101 1392 2160 illa
1435 2102 1661 2160 sinistri
1706 2104 1893 2160 cruris
1936 2101 2296 2178 gladiatores
2326 2101 2613 2160 Samnites
2660 2123 2696 2160 a
2739 2107 2891 2161 cete-

593 2202 675 2260 ris
716 2201 1191 2278 distinguuntur3
1259 2203 1320 2261 hi
1375 2205 1547 2275 enim,
1607 2209 1676 2262 ut
1718 2204 1873 2262 infra
1915 2202 2259 2274 videbimus,
2324 2208 2429 2262 aut
2470 2203 2645 2280 plane
2690 2208 2893 2262 carent

595 2303 780 2361 ocreis
834 2308 942 2361 aut
982 2303 1151 2363 binas
1211 2303 1451 2364 habent.
1539 2303 1756 2363 Tamen
1809 2322 1922 2362 non
1985 2323 2177 2381 pauca
2245 2308 2451 2365 extant
2518 2310 2891 2363 monumenta

591 2402 985 2477 gladiatorum
1018 2401 1084 2478 ¹),
1149 2406 1253 2482 qui
1308 2424 1661 2483 quamquam
1721 2407 1896 2464 etiam
1950 2404 2160 2464 dextra
2217 2425 2390 2464 crura
2451 2405 2672 2465 habent
2712 2410 2890 2475 tecta,

589 2526 699 2584 pro
741 2506 1099 2566 Samnitibus
1143 2504 1399 2565 habendi
1442 2511 1598 2565 sunt.
1682 2505 1751 2564 Id
1794 2506 1946 2565 enim
1991 2510 2413 2583 tegumentum,
2469 2508 2689 2585 quippe
2730 2506 2888 2585 quod

589 2608 659 2665 in
703 2609 944 2667 fronte
998 2609 1183 2666 cruris
1238 2610 1504 2685 corrigiis
1547 2608 1795 2684 ligatum
1841 2608 1939 2680 sit,
2006 2628 2121 2666 non
2165 2627 2335 2668 ocrea
2380 2614 2488 2679 est,
2554 2614 2625 2667 ut
2666 2609 2887 2683 Zange-

588 2711 825 2768 meister
869 2705 1021 2784 (CIL
1052 2709 1130 2767 IV
1177 2729 1234 2786 p.
1282 2705 1388 2784 72)
1433 2714 1627 2785 putat,
1695 2709 1800 2768 sed
1866 2709 2072 2785 caliga,
2135 2729 2253 2786 qua
2316 2711 2491 2768 etiam
2558 2716 2885 2770 ceterorum

585 2827 863 2883 generum
908 2810 1270 2887 gladiatores
1325 2809 1546 2888 depicti
1587 2811 1808 2886 passim
1852 2809 2044 2869 induti
2091 2816 2229 2869 sunt
2254 2807 2321 2882 ²).
2407 2811 2719 2869 Praeterea
2761 2830 2885 2870 sae-

791 2957 842 3023 1)
880 2972 1024 3010 mon.
1066 2954 1276 3025 Scauri,
1314 2956 1449 3025 pict.
1490 2956 1806 3024 Pompeian.
1834 2955 1889 3010 11.
1917 2973 2016 3025 cc„
2054 2957 2233 3026 anagl.
2267 2956 2460 3026 Pomp.
2490 2956 2657 3024 (Bull.
2684 2955 2880 3025 Napol.

585 3042 662 3098 IV
701 3043 888 3112 [1846]
930 3045 1044 3099 tab.
1085 3045 1155 3114 1),
1194 3062 1440 3099 monum.
1473 3045 1704 3099 Batonis
1742 3044 2022 3114 (Fabretti
2059 3046 2163 3099 col.
2206 3044 2426 3099 Traian.
2468 3064 2519 3115 p.
2557 3046 2699 3114 258).

785 3133 841 3200 2)
880 3132 1055 3186 Recte
1109 3131 1506 3188 animaduertit
1546 3133 1775 3186 Henzen
1812 3152 1867 3203 p.
1910 3134 2037 3187 109:
2098 3151 2321 3203 „ocreas
2371 3134 2537 3188 modo
2586 3152 2615 3187 e
2660 3132 2883 3186 metallo

585 3218 750 3273 modo
790 3236 820 3273 e
856 3221 1007 3274 corio
1045 3222 1423 3283 constitisse“;
1472 3226 1656 3275 tamen
1696 3226 1795 3275 aut
1830 3222 1994 3275 fallor
2032 3227 2131 3276 aut
2166 3223 2341 3276 multo
2381 3222 2601 3290 saepius
2640 3220 2816 3274 ocreis
2853 3237 2883 3272 e

584 3308 738 3360 corio
788 3306 950 3362 factis
1008 3310 1268 3364 instructi
1322 3314 1452 3363 sunt
1511 3309 1849 3380 gladiatores
1905 3314 2223 3364 armaturae
2269 3309 2601 3363 Samniticae
2657 3307 2881 3377 depicti.

586 3394 843 3449 Ceterum
893 3397 1058 3450 etiam
1108 3397 1316 3452 milites
1366 3397 1600 3451 Romani
1646 3401 1829 3451 aetate
1881 3398 2086 3451 liberae
2138 3397 2477 3467 reipublicae
2513 3415 2624 3451 una
2660 3400 2879 3450 tantum

584 3485 889 3537 utebantur
926 3502 1114 3553 ocrea;
1153 3484 1222 3539 cf.
1264 3486 1483 3539 Arrian.
1524 3489 1658 3539 tact.
1697 3502 1742 3539 c.
1781 3484 1838 3538 3:
1888 3478 1921 3551 ἢ
1960 3482 2033 3543 ὡς
2068 3483 2356 3556 Ῥωμαίοις
2393 3487 2590 3553 κνημὶς
2623 3487 2728 3554 μία
2770 3480 2879 3552 πρὸ

584 3573 674 3637 τῆς
717 3567 928 3643 κνήμης
974 3575 1067 3640 τῆς
1109 3575 1171 3627 ἐν
1210 3579 1328 3632 ταῖς
1372 3567 1584 3644 μάχαις
1629 3575 2080 3644 προβαλλομένης
2116 3578 2175 3627 et
2212 3571 2401 3642 Polyb.
2441 3572 2535 3636 VI,
2572 3574 2659 3638 23,
2696 3573 2745 3637 8,
2786 3571 2881 3639 qui

583 3660 929 3715 hastatorum
969 3678 1124 3715 arma
1162 3661 1485 3715 describens
1526 3661 1691 3716 dicit:
1750 3659 1890 3731 πρὸς
1928 3661 1989 3714 δὲ
2027 3655 2432 3720 τούτοιςύσσοὶ
2470 3653 2569 3711 δύο
2606 3662 2699 3712 καὶ
2734 3677 2882 3728 περι-

583 3751 855 3820 κεφαλαία
899 3751 1077 3819 χαλκῆ
1115 3752 1208 3802 καὶ
1251 3753 1577 3820 προκνημίς.
1651 3748 1759 3803 Sed
1797 3749 2063 3818 Vegetius
2100 3750 2127 3802 1
2163 3749 2232 3802 20
2272 3772 2341 3795 =
2378 3766 2431 3818 p.
2470 3749 2558 3817 22,
2600 3750 2664 3801 13
2702 3747 2877 3818 Lang.

585 3838 787 3891 dextra
834 3854 1000 3891 crura
1037 3837 1216 3891 ocreis
1266 3841 1415 3890 tecta
1452 3836 1619 3890 fuisse
1656 3841 1865 3900 narrat,
1913 3837 2068 3892 cuius
2113 3839 2194 3891 rei
2231 3836 2394 3891 affert
2430 3853 2652 3891 causam
2692 3836 2879 3890 dicens

582 3944 635 3995 p.
675 3928 762 3995 23,
801 3926 894 3980 13:
952 3926 1273 3993 „sciendum
1310 3927 1621 3994 praeterea,
1668 3942 1794 3978 cum
1834 3925 2135 3979 missilibus
2172 3927 2377 3995 agitur,
2415 3925 2669 3979 sinistros
2707 3925 2878 3994 pedes
2953 3945 2966 3959 ·

585 4015 772 4067 inante
808 4014 1014 4067 milites
1050 4013 1258 4068 habere
1296 4013 1500 4068 debere
1527 4050 1540 4064 .
1582 4054 1594 4066 .
1637 4032 1678 4081 .;
1713 4014 1807 4068 sed
1846 4031 1968 4069 cum
2008 4013 2077 4066 ad
2114 4014 2246 4083 pila,
2283 4018 2347 4067 ut
2382 4013 2685 4083 appellant,
2723 4015 2879 4067 ueni-

582 4106 677 4155 tur
715 4107 771 4156 et
817 4119 985 4155 manu
1032 4102 1103 4155 ad
1159 4119 1381 4155 manum
1439 4119 1562 4156 cum
1623 4101 1826 4170 gladiis
1882 4108 2185 4172 pugnatur,
2237 4106 2372 4156 tunc
2421 4103 2650 4156 dextros
2709 4102 2878 4170 pedes

580 4189 771 4243 inante
810 4189 1010 4242 milites
1049 4189 1253 4244 habere
1296 4190 1555 4244 debent“.
1632 4190 1782 4257 Quae
1816 4208 1946 4244 num
1987 4208 2122 4244 uera
2159 4192 2291 4259 sint,
2325 4195 2624 4260 propterea
2664 4190 2880 4259 dubit0‚

581 4278 732 4347 quod
768 4278 1106 4347 gladiatores
1131 4276 1419 4332 Samnitici
1457 4280 1695 4348 generiS,
1737 4280 1833 4347 qui
1862 4295 2076 4348 semper
2112 4279 2228 4333 fere
2262 4280 2571 4333 comminus
2608 4283 2879 4348 pugnant,

581 4365 808 4418 sinistra
845 4382 1010 4419 crura
1046 4368 1228 4420 ocreis
1262 4371 1481 4436 tegunt.
1552 4367 1636 4421 De
1673 4367 2005 4420 Sabinorum
2042 4385 2205 4421 ocrea
2240 4368 2465 4422 sinistra
2509 4367 2578 4422 cf.
2603 4368 2721 4422 Silii
2747 4367 2878 4421 VIII

579 4456 688 4507 418
716 4471 834 4523 sqq.
910 4452 1167 4507 Ceterum
1207 4453 1398 4508 confer
1437 4456 1606 4509 etiam
1645 4454 1919 4509 Macrobii
1955 4461 2060 4509 sat.
2099 4456 2166 4522 V,
2201 4459 2282 4524 18,
2314 4456 2379 4509 13
2406 4474 2544 4526 sqq„
2582 4457 2679 4510 ubi
2716 4472 2877 4525 quae·

580 4542 743 4611 ritur,
783 4545 972 4594 utrum
993 4540 1180 4595 Aetoli
1201 4541 1537 4610 Hernicique
1574 4543 1633 4596 in
1673 4543 1885 4598 dextris
1924 4560 1994 4597 an
2032 4543 2088 4598 in
2126 4544 2367 4599 sinistris
2405 4544 2637 4614 pedibus
2674 4544 2875 4598 habue-

579 4630 697 4684 rint
734 4629 958 4698 caligas.
