3190 5037
1600 320 1668 370 10

469 496 865 573 gladiatorum
907 496 1228 555 certamina
1276 493 1527 553 nondum
1559 495 1742 553 fuisse
1771 493 2008 555 abolita.
2069 496 2278 573 Itaque
2308 499 2498 574 primo
2530 503 2774 575 aspectu

472 596 714 655 dubium
757 616 882 655 esse
935 597 1191 669 uidetur,
1261 601 1459 654 utrum
1513 616 1599 669 ea.
1657 616 1806 673 quae
1847 597 1920 656 de
1970 599 2087 656 sica
2141 602 2389 676 totaque
2448 599 2771 658 Thraecum

475 703 778 756 armatura
818 697 1006 756 tradit
1050 697 1126 755 ad
1171 697 1306 755 VIII
1354 699 1505 755 201:

641 818 747 876 per
792 797 995 857 falcem
1041 798 1309 875 supinam
1353 803 1658 856 armatura
1699 798 1987 858 Thracum
2032 799 2431 875 intellegenda
2474 807 2583 875 est,
2650 802 2777 878 qui·

643 899 751 963 bus
796 900 1098 976 proprium
1145 899 1328 958 telum
1372 900 1495 957 sica
1535 904 1643 977 est,

476 1002 548 1059 de
592 1020 698 1060 suo
728 994 777 1075 ¹)
829 1019 902 1056 an
947 1020 1018 1057 ex
1060 1001 1391 1078 antiquiore
1434 1001 1753 1078 sumpserit
1795 1001 2101 1077 scriptore.
2191 1001 2412 1059 Tamen
2457 1007 2563 1060 aut
2604 1001 2778 1061 fallor

474 1105 580 1160 aut
624 1105 784 1159 certa
822 1106 1030 1159 extant
1071 1101 1306 1172 indicia,
1352 1100 1564 1177 quibus
1611 1105 2122 1159 commentatorem
2170 1121 2283 1160 non
2325 1104 2557 1161 nouisse
2586 1123 2775 1162 arma·

473 1207 641 1261 turas
692 1201 1077 1278 gladiatorias
1127 1203 1237 1260 nisi
1293 1207 1625 1260 secutorum
1692 1207 1753 1260 et
1814 1203 2185 1261 retiariorum
2243 1202 2313 1260 fit
2374 1205 2502 1261 ueri
2566 1204 2773 1263 simile.

476 1305 672 1379 Atque
721 1303 973 1380 primum
1034 1303 1266 1380 quidem
1323 1322 1512 1361 nonne
1565 1304 1776 1361 mirum
1835 1308 1927 1361 est
1977 1303 2351 1362 scholiastam
2412 1303 2488 1361 ad
2534 1303 2610 1362 VI
2659 1306 2776 1362 108

474 1404 820 1479 sergiolum,
866 1406 1006 1480 quia
1047 1404 1216 1479 galea
1255 1403 1511 1462 adtritus
1557 1409 1730 1474 esset,
1775 1424 1884 1481 pro
1929 1409 2198 1462 secutore
2239 1404 2529 1475 habuisse,
2576 1424 2777 1480 quam·

476 1524 651 1581 quam
717 1506 894 1564 etiam
962 1504 1254 1564 Thraeces
1325 1505 1722 1563 murmillones
1789 1505 2017 1582 equites
2070 1504 2398 1582 oplomachi
2464 1505 2645 1581 galeis
2687 1507 2774 1564 in-

475 1608 686 1665 structi
727 1604 940 1664 erant?
994 1604 1218 1664 Deinde
1259 1626 1330 1663 ex
1370 1625 1440 1664 ea
1483 1625 1566 1676 re,
1614 1605 1770 1682 quod
1811 1610 1920 1665 sat.
1961 1605 2041 1664 VI
2085 1607 2203 1664 255
2233 1626 2320 1682 sq.
2364 1605 2573 1664 mulier
2614 1604 2776 1677 „bal-

472 1712 633 1765 teum
686 1711 748 1763 ct
800 1707 1054 1766 manicas
1109 1707 1415 1783 crurisque
1475 1706 1697 1765 sinistri
1750 1706 2051 1765 dimidium
2106 1706 2400 1782 tegimen“
2446 1706 2649 1764 uendit
2699 1725 2776 1765 sc.

474 1811 543 1864 ut
597 1807 917 1865 aduersarii
971 1814 1171 1885 partes
1225 1809 1506 1884 suscipiat
1527 1804 1602 1883 ²),
1667 1806 1961 1866 concludit
2010 1806 2329 1866 scholiasta
2377 1809 2602 1865 retiarii
2646 1826 2775 1864 eam

473 1909 679 1989 emisse
729 1927 909 1977 arma,
966 1911 1076 1967 etsi
1121 1927 1235 1965 non
1279 1907 1465 1965 solum
1526 1909 1811 1967 secutoris
1855 1913 2061 1965 contra
2111 1909 2417 1966 retiarium
2458 1909 2776 1986 pugnantis

471 2007 574 2066 illa
624 2028 786 2066 arma
845 2013 1001 2082 sunt,
1066 2008 1169 2066 sed
1206 2010 1401 2076 etiam,
1468 2013 1537 2065 ut
1586 2008 1744 2065 infra
1795 2007 2147 2077 uidebimus,
2192 2007 2539 2083 oplomachi.
2626 2007 2773 2065 Tum

474 2106 547 2164 ad
572 2107 814 2167 uerbum
842 2101 1176 2177 „manicas“
1206 2108 1482 2166 adnotat:
1517 2128 1705 2184 „quas
1728 2107 1957 2166 reciarii
1976 2110 2083 2164 aut
2099 2110 2395 2165 secutores
2417 2098 2771 2180 habent“⁸),

475 2211 641 2284 quasi
681 2228 819 2266 uero
863 2210 1072 2268 ceteris
1116 2209 1309 2267 desint
1346 2207 1793 2285 gladiatoribuS,
1838 2213 2018 2284 atque
2061 2208 2234 2265 simili
2278 2206 2449 2264 modo
2477 2208 2538 2263 in
2584 2206 2769 2282 expli-

474 2310 702 2367 catione
767 2312 927 2368 uocis
997 2308 1418 2387 „pinnirapus“
1487 2309 1562 2368 ad
1616 2310 1718 2367 III
1787 2310 1902 2366 158
1966 2310 2193 2367 retiarii
2245 2312 2478 2366 tantum
2530 2307 2771 2382 eiusque

475 2410 797 2468 aduersarii
853 2411 994 2471 facit
1047 2413 1418 2470 mentionem.
1524 2411 1826 2469 Postremo
1882 2411 1955 2469 de
2017 2410 2244 2468 retiarii
2309 2410 2486 2468 armis
2549 2411 2769 2486 optime

474 2531 579 2569 nos
621 2512 764 2570 facit
808 2513 1084 2572 certiores
1129 2512 1204 2571 ad
1248 2511 1381 2571 VIII
1427 2513 1567 2582 208,
1635 2511 1708 2570 de
1752 2530 1868 2587 quo
1913 2511 2039 2571 loco
2083 2510 2221 2569 uide
2262 2510 2417 2569 infra
2445 2504 2520 2584 4).
2610 2509 2771 2583 Quae

476 2625 519 2632 —.

678 2685 724 2744 1)
763 2682 1228 2738 commentatoris
1280 2684 1455 2752 ipsius
1511 2683 1648 2738 haec
1692 2683 1830 2737 mihi
1875 2701 1992 2738 esse
2030 2684 2295 2739 uidentur
2343 2683 2411 2738 de
2449 2685 2618 2738 rebus
2653 2683 2770 2754 gla-

474 2769 730 2823 diatoriis
771 2770 1002 2826 scholia:
1059 2772 1130 2825 ad
1168 2771 1240 2826 VI
1284 2773 1385 2825 113
1433 2772 1667 2841 (rudem,
1719 2777 1782 2825 ut
1821 2772 1999 2827 solent
2045 2772 2104 2826 in
2153 2771 2468 2826 amfiteatro
2517 2773 2768 2840 accipere

474 2858 836 2927 gladiatores)
883 2862 984 2913 247
1032 2859 1124 2926 (dc
1172 2860 1299 2928 palo
1348 2862 1720 2930 pugnantium
1756 2860 1952 2915 habitu
1988 2860 2391 2931 gladiatorum)
2427 2861 2532 2915 25⁰7
2586 2859 2768 2928 (retia,

472 2947 718 3000 manicae
755 2951 810 2999 et
846 2947 1223 3015 gladiatorum
1260 2952 1568 3002 strumenta
1618 2948 1811 3017 [uerba
1867 2953 2134 3018 corrupta
2187 2948 2267 3003 sic
2324 2949 2559 3019 legenda
2613 2954 2766 3003 sunt:

475 3033 724 3097 „balteus
761 3040 819 3089 et
856 3037 1100 3091 manicae
1139 3040 1196 3090 et
1234 3037 1435 3092 cristae
1467 3042 1578 3091 cet:
1617 3037 1991 3107 gladiatorum
2029 3038 2403 3091 instrumenta
2440 3042 2629 3107 sunt“;
2671 3055 2763 3092 uo·

472 3123 729 3177 cabulum
774 3124 984 3192 „retia“
1022 3130 1253 3194 propter
1297 3126 1629 3180 antecedens
1666 3125 1954 3195 „retiarii“
2005 3125 2287 3195 inrepsit])
2327 3128 2440 3194 261,
2472 3125 2769 3194 (monstra-

472 3213 581 3282 tos]
623 3230 654 3266 a
692 3214 874 3281 campi
917 3212 1168 3282 doctore)
1208 3213 1279 3267 ad
1305 3214 1432 3269 VIII
1458 3216 1562 3267 207
1590 3213 1840 3283 (quidam
1879 3218 2090 3268 uestem
2127 3214 2518 3284 gladiatoriam
2540 3214 2766 3288 'dipunt,

472 3318 637 3369 quam
675 3300 847 3353 fibula
882 3303 1211 3370 pugnaturis
1248 3302 1472 3356 mordet
1509 3320 1542 3355 a
1579 3302 1831 3357 faucibus
1873 3344 1885 3356 .
1920 3344 1933 3358 .
1976 3343 1988 3356 .
2028 3342 2039 3355 .
2082 3321 2124 3371 .;
2164 3303 2223 3356 id
2262 3302 2431 3356 studii
2467 3302 2765 3370 habebant,

471 3390 567 3458 qui
607 3406 836 3442 munera
874 3388 1129 3453 edebant,
1174 3394 1236 3443 ut
1282 3395 1556 3444 extremas
1595 3395 1782 3458 partes
1829 3391 2049 3445 tunicae
2086 3391 2156 3444 ad
2199 3395 2397 3459 guttur
2434 3386 2640 3459 (auro)
2679 3406 2767 3443 or-

472 3483 686 3544 narent,
746 3494 854 3544 quo
900 3477 1104 3530 famam
1154 3476 1449 3547 haberent)
1489 3479 1558 3531 ad
1600 3479 1680 3532 XI
1718 3482 1751 3532 8
1788 3479 1845 3546 (i.
1886 3496 1932 3533 e.
1972 3497 2027 3532 se
2067 3480 2482 3546 auctoratorus)
2538 3480 2610 3530 20
2646 3477 2763 3546 (mi-

470 3564 756 3633 scellanea]
794 3583 967 3634 genus
1004 3566 1314 3620 miserabile
1350 3566 1561 3620 ferculi.
1616 3568 1770 3622 cibus
1806 3567 2182 3637 gladiatorum
2219 3567 2253 3619 i.
2294 3584 2339 3620 e.
2378 3565 2575 3619 ultima
2612 3582 2763 3619 cena.

469 3652 593 3707 ideo
622 3653 986 3723 miscellanea,
1024 3654 1153 3722 quia
1185 3654 1386 3724 omnia,
1425 3673 1566 3723 quae
1594 3659 1956 3724 apponuntur
1993 3655 2089 3723 eis,
2130 3655 2361 3708 miscent
2400 3657 2456 3707 et
2493 3653 2573 3707 sic
2611 3671 2760 3707 man·

470 3742 710 3807 ducant).

668 3829 726 3900 2)
763 3828 852 3883 Sic
887 3831 1033 3885 enim
1072 3831 1190 3885 sine
1228 3832 1399 3887 dubio
1440 3831 1542 3886 etsi
1580 3832 1723 3886 falso
1759 3833 2163 3901 interpretatur
2199 3830 2514 3885 scholiasta.

670 3920 726 3988 3)
766 3917 827 3971 In
869 3919 1030 3974 codd.
1075 3919 1274 3974 falsum
1323 3922 1523 3975 lemma
1572 3925 1657 3974 est
1708 3921 1996 3990 „ocreas“;
2055 3937 2183 3972 nam
2226 3924 2463 3987 secutor,
2514 3928 2579 3973 ut
2616 3918 2762 3972 infra

471 4006 800 4073 uidebimus,
838 4026 1003 4062 unam
1039 4012 1278 4076 tantum,
1323 4010 1582 4064 retiarius
1621 4027 1755 4064 uero
1792 4010 2000 4062 nullam
2035 4008 2205 4062 habet
2240 4025 2474 4063 ocream.

668 4099 719 4161 4)
760 4097 1141 4152 conferendus
1193 4116 1310 4153 esse
1360 4099 1584 4153 uidetur
1635 4100 2039 4153 commentator
2078 4097 2423 4166 Cruquianus
2470 4097 2530 4151 in
2567 4098 2762 4151 Horat.

470 4189 574 4238 sat.
617 4185 688 4248 11,
715 4187 765 4253 6,
787 4189 880 4240 44:
923 4187 1147 4255 „Thrax
1186 4188 1402 4241 Gallina
1441 4188 1549 4241 fuit
1588 4192 1827 4254 secutor,
1866 4186 2030 4256 Syrus
2067 4191 2251 4240 autem
2293 4186 2573 4250 retiarius,
2614 4192 2762 4239 uter·

470 4290 576 4340 que
613 4273 943 4341 gladiator“.
1016 4275 1120 4329 Sed
1145 4277 1524 4331 consideranti
1549 4281 1736 4330 cetera
1777 4274 1982 4329 scholia
2009 4291 2117 4327 non
2144 4274 2375 4328 dubium
2415 4292 2531 4328 esse
2555 4278 2761 4342 potest,

468 4361 599 4429 quin
640 4360 736 4414 illa
774 4363 947 4416 uerba
984 4368 1251 4433 corrupta
1287 4366 1400 4418 sint
1441 4383 1508 4417 ex
1546 4365 1657 4417 his:
1720 4363 1940 4430 „Thrax
1980 4363 2128 4416 inter
2166 4363 2501 4432 gladiatores
2543 4363 2761 4417 diceba·

468 4453 564 4502 tur
603 4447 735 4521 (ut)
771 4456 1008 4515 secutor,
1058 4452 1335 4521 retiarius,
1373 4452 1654 4507 mirmillo,
1728 4450 1946 4506 Gallina
1983 4451 2271 4519 proprium
2313 4467 2515 4505 nomen
2550 4451 2760 4520 gladia-

468 4538 628 4606 toris,
663 4539 800 4592 item
838 4537 1059 4609 Syrus“.
