3190 5037
1519 336 1589 390 49

601 513 717 573 Sed
759 514 807 573 si
840 533 1040 591 pugna
1083 514 1199 574 fert
1241 520 1312 573 ut
1354 520 1564 574 neuter
1602 515 1996 592 gladiatorum
2038 519 2257 589 uincat‚
2303 521 2410 577 aut
2451 521 2702 595 uterque

399 616 652 674 moritur
715 620 821 674 aut
889 620 1138 692 uterque
1199 616 1474 674 mittitur.
1563 616 1625 675 Si
1679 617 1843 695 prior
1909 637 2076 677 casus
2141 618 2357 689 euenit,
2423 624 2698 677 neutrum

399 716 678 774 honorari
722 736 832 793 par
876 721 992 790 est3
1057 737 1188 775 nam
1234 736 1321 789 ea,
1377 737 1529 794 quae
1568 717 1863 778 Martialis
1907 718 2009 778 lib.
2057 740 2146 797 sp.
2192 721 2270 779 29
2315 727 2537 792 narrat,
2583 739 2699 779 non

399 818 647 875 fuerunt
687 817 746 874 in
797 837 927 876 usu.
1015 817 1113 876 Sin
1167 837 1309 877 uero
1377 819 1476 876 diu
1533 820 1689 877 inter
1746 839 1808 878 se
1862 828 2207 897 pugnarunt
2277 840 2500 879 summa
2566 841 2696 880 cum

400 917 746 977 fortitudine
775 924 954 995 atque
1000 924 1128 977 arte
1170 919 1417 995 ideoque
1450 921 1649 978 missio
1694 921 1777 979 eis
1822 921 2015 999 datur,
2062 927 2311 998 uterque
2352 940 2470 980 non
2513 923 2700 981 multo

400 1020 624 1077 minore
664 1019 918 1078 afficitur
959 1018 1200 1092 honore,
1247 1040 1421 1097 quam
1463 1022 1575 1096 qui·
1609 1021 2010 1080 aduersarium
2051 1023 2407 1100 prostrauit3
2453 1030 2705 1100 uterque

400 1122 551 1179 enim
583 1120 865 1179 inuictum
914 1139 975 1177 se
1005 1121 1300 1197 praebuit.
1387 1121 1635 1180 Factum
1681 1127 1873 1181 autem
1909 1142 2033 1182 esse
2075 1143 2303 1194 reuera,
2353 1129 2420 1183 ut
2448 1129 2700 1201 uterque

402 1222 762 1295 mitteretur,
809 1220 1068 1280 ostendit
1098 1220 1388 1280 Martialis
1430 1221 1470 1280 1.
1516 1241 1594 1281 c.:

744 1341 874 1399 cum
918 1321 1186 1381 traheret
1229 1322 1481 1395 Priscus,
1525 1322 1791 1382 traheret
1835 1325 2152 1383 certamina
2181 1325 2370 1385 Verus

918 1427 1073 1482 esset
1120 1428 1179 1480 et
1223 1423 1484 1499 aequalis
1527 1422 1690 1481 Mars
1733 1425 2041 1501 utriusque
2085 1424 2205 1503 diu,

749 1526 948 1583 missio
993 1542 1166 1601 saepe
1206 1524 1391 1581 uiris
1431 1542 1649 1600 magno
1693 1525 1944 1583 elamore
1985 1526 2176 1602 petita
2220 1531 2327 1585 est.

397 1623 613 1682 Trium
646 1625 830 1700 igitur
876 1630 1042 1684 extat
1085 1625 1229 1683 ordo
1272 1624 1594 1684 honorum:
1658 1630 1762 1683 aut
1806 1618 1993 1684 uincit
2034 1627 2332 1702 gladiator
2375 1633 2483 1687 aut
2524 1630 2698 1688 simul

397 1744 527 1783 cum
582 1726 924 1785 aduersario
979 1727 1239 1786 mittitur
1299 1730 1405 1784 aut
1457 1727 1615 1785 solus
1660 1728 1950 1803 mittitur;
2018 1729 2245 1805 primus
2288 1731 2345 1786 in
2394 1730 2585 1787 titulis
2628 1731 2698 1803 V,

398 1828 610 1886 tertius
657 1827 719 1884 M
760 1829 1085 1904 indicatur3
1131 1828 1234 1886 sed
1277 1834 1451 1904 putes
1481 1830 1660 1887 etiam
1695 1828 1944 1886 alterum
1990 1829 2272 1906 peculiari
2303 1831 2696 1906 significatum

396 1947 525 1986 esse
579 1934 739 2000 nota,
810 1949 962 2006 quae
1015 1934 1085 1988 ut
1138 1931 1200 1987 in
1254 1929 1445 1987 titulis
1499 1929 1865 2007 Pompeianis
1924 1949 2038 1988 non
2094 1933 2453 2005 inueniatur,
2518 1953 2588 1991 ea
2632 1953 2697 1991 re

395 2029 615 2087 factum
669 2029 813 2088 mihi
869 2050 996 2089 esse
1052 2031 1310 2101 uidetur,
1379 2031 1536 2107 quod
1589 2050 1745 2101 rare,
1808 2036 1877 2090 ut
1931 2037 2180 2108 uterque
2225 2038 2376 2092 esset
2420 2035 2696 2111 inuictus,

395 2130 627 2190 accidit.
715 2131 1047 2205 Quaeritur,
1094 2152 1231 2189 num
1263 2131 1403 2188 alibi
1432 2132 1787 2190 inueniatur.
1837 2162 1913 2171 —
1960 2132 2027 2190 In
2072 2132 2181 2192 hac
2223 2153 2287 2190 re
2328 2133 2697 2211 proficiscen-

393 2231 531 2289 dum
575 2236 666 2290 est
707 2253 743 2290 a
786 2231 1034 2291 Senecae
1085 2233 1213 2291 loco
1255 2229 1455 2309 (epist.
1501 2234 1602 2300 92,
1651 2235 1758 2293 26:
1832 2237 2031 2308 „stans
2085 2253 2200 2292 non
2254 2240 2453 2311 potest
2507 2236 2694 2293 mitti:

393 2337 498 2390 aut
546 2335 821 2393 uincatur
864 2338 1103 2410 oportet
1148 2338 1253 2391 aut
1300 2328 1589 2408 uincat“),
1658 2354 1828 2410 quem
1886 2334 2079 2393 Haase
2143 2340 2363 2393 temere
2431 2339 2693 2410 uexauit,

396 2434 716 2494 Buecheler
771 2455 877 2494 suo
933 2436 1061 2493 iure
1105 2437 1400 2510 seruauit;
1467 2436 1519 2492 ei
1563 2437 1719 2494 inest
1764 2437 2057 2495 sententia
2100 2435 2272 2494 haec:
2335 2456 2535 2513 pugna
2580 2455 2694 2494 non

395 2541 595 2613 potest
639 2557 763 2595 esse
804 2537 1053 2610 incerta;
1098 2537 1274 2594 immo
1321 2537 1472 2595 alter
1502 2538 1879 2597 aduersarius
1924 2539 2094 2597 cadat
2136 2558 2367 2596 necesse
2401 2544 2510 2597 est.
2598 2539 2695 2596 In-

396 2635 626 2695 dicatur
677 2638 864 2714 igitur
915 2636 1113 2695 uerbis
1171 2642 1373 2708 „stans
1430 2635 1631 2697 mitti“
1686 2640 1969 2697 incertum
2023 2658 2209 2715 genus
2268 2658 2520 2715 pugnae,
2593 2637 2696 2698 ubi

396 2741 603 2796 neuter
649 2739 832 2796 uincit
875 2744 981 2798 aut
1018 2741 1293 2797 uincitur.
1382 2739 1605 2798 Eadem
1649 2746 1844 2799 autem
1890 2740 2072 2799 uerba
2114 2743 2176 2798 in
2218 2741 2412 2799 titulis
2458 2761 2693 2818 quoque

397 2835 626 2896 duobus
690 2838 1096 2916 inueniuntur,
1172 2840 1347 2900 Orell.
1410 2842 1565 2899 2581
1630 2837 1738 2915 (=
1796 2839 1971 2900 Fabr.
2031 2840 2140 2899 col.
2196 2841 2356 2900 Trai.
2403 2862 2460 2919 p.
2507 2838 2693 2918 256):

393 3052 765 3121 gladiatorem
798 3053 1039 3108 Neronis
1076 3071 1192 3108 esse
1229 3071 1470 3122 seruum,
1505 3053 1697 3107 alteris
1740 3056 1965 3123 praeter
2000 3068 2291 3107 numerum
2328 3053 2373 3106 L
2411 3053 2447 3106 i.
2489 3071 2534 3107 e.
2575 3053 2694 3108 sine

395 3139 566 3195 dubio
607 3141 929 3211 „libertus“.
1004 3142 1407 3212 Saepenumero
1446 3142 1623 3212 igitur
1657 3141 1996 3212 gladiatores
2034 3142 2224 3196 liberti
2262 3159 2303 3195 s.
2340 3142 2576 3196 rudiarii
2611 3143 2694 3196 in·

394 3231 713 3299 ueniuntur,
766 3247 904 3298 quos
959 3230 1135 3284 mult-0
1183 3231 1411 3284 maioris
1458 3234 1522 3283 ut
1567 3246 1672 3299 par
1711 3233 1793 3283 est
1836 3228 2036 3283 ceteris
2078 3231 2398 3284 aestimatos
2437 3247 2557 3283 esse
2595 3230 2693 3283 Pe-

394 3319 615 3372 tronius
654 3336 701 3373 e.
742 3318 810 3371 45
857 3322 1049 3386 aperte
1099 3319 1348 3373 ostendit
1398 3318 1611 3372 dicens:
1672 3323 1761 3387 „et
1796 3334 1924 3371 ecce
1970 3317 2221 3371 habituri
2267 3335 2453 3371 sumus
2492 3335 2690 3371 munus

392 3408 700 3461 excellente
735 3406 795 3459 in
822 3405 1012 3460 triduo
1042 3405 1132 3460 die
1158 3406 1328 3468 festa;
1366 3405 1575 3460 familia
1601 3423 1711 3459 non
1736 3406 2034 3474 lanisticia,
2073 3405 2171 3460 sed
2195 3406 2422 3475 plurimi
2446 3406 2691 3462 liberti“.

392 3495 475 3548 De
537 3494 732 3550 Orellii
786 3494 972 3564 (2581)
1045 3493 1443 3563 explicatione:
1512 3494 1852 3563 „Fimbriam
1907 3494 2177 3548 librarum
2243 3493 2437 3550 V1111“
2505 3497 2693 3550 tacere

392 3588 660 3649 praestat.
717 3612 781 3623 —-
845 3583 910 3636 In
957 3582 1139 3636 tribus
1191 3584 1312 3636 aliis
1359 3583 1539 3637 titulis
1575 3583 1708 3638 IRN
1739 3584 1861 3653 736,
1890 3585 2011 3653 73⁷,
2039 3584 2179 3636 4649
2218 3575 2537 3637 nominibus
2575 3585 2690 3654 gla-

395 3669 670 3726 diatorum
728 3671 972 3727 adicitur
1016 3688 1280 3725 numerus
1329 3676 1384 3726 et
1420 3672 1460 3726 C
1498 3690 1660 3726 uersa
1715 3677 1771 3726 et
1822 3673 1966 3727 alter
2020 3689 2281 3726 numerus
2337 3671 2543 3741 ubique
2593 3676 2691 3726 aut

394 3759 578 3811 minor
612 3762 800 3828 priore
835 3764 931 3813 aut
967 3777 1086 3829 par.
1158 3759 1312 3814 Hanc
1352 3762 1423 3814 ob
1459 3778 1680 3815 causam
1719 3764 1792 3830 et,
1840 3762 1988 3830 quod
2023 3762 2218 3815 littera
2242 3760 2303 3824 T,
2342 3777 2481 3829 quae
2520 3761 2693 3830 expli-

394 3846 571 3900 canda
608 3852 690 3901 est
729 3848 924 3918 „tiro“,
962 3849 1242 3903 nonnullis
1280 3849 1685 3919 gladiatoribus
1723 3852 1966 3919 ascripta
1990 3849 2273 3904 indicatur
2298 3848 2397 3903 hos
2426 3849 2482 3902 in
2509 3851 2691 3918 prima

391 3935 505 3987 iam
541 3952 730 4004 pugna
774 3937 982 3992 occisos
1039 3954 1152 3991 esse
1198 3943 1367 4006 atque
1404 3954 1507 4006 par
1544 3936 1650 3990 fuit
1697 3938 1931 3991 similem
1989 3937 2266 4007 quandam
2322 3941 2533 4006 notam,
2581 3955 2690 4006 qua

392 4027 703 4078 ceterorum
748 4041 965 4093 quoque
1013 4043 1275 4080 numerus
1316 4042 1631 4096 pugnarum
1671 4025 2095 4094 significaretur,
2134 4025 2302 4091 adici,
2338 4024 2690 4078 Wilmannsii

391 4113 725 4166 sententiam
763 4112 1019 4184 (exempl.
1056 4116 1215 4180 2604)
1259 4115 1512 4182 quamuis
1559 4113 1882 4168 dubitanter
1919 4113 2196 4182 prolatam
2235 4114 2557 4182 amplector,
2609 4114 2690 4168 ita

390 4207 455 4255 ut
482 4204 674 4272 priore
712 4220 942 4258 numero
981 4206 1039 4256 et
1078 4203 1268 4256 littera
1302 4201 1342 4255 C
1367 4218 1529 4255 uersa
1565 4199 2040 4272 e(ompositiones)
2081 4201 2388 4265 uniuersas,
2425 4201 2690 4255 uictorias

388 4292 701 4358 posteriore
738 4291 974 4348 indicari
1019 4292 1281 4345 arbitrer.
1354 4290 1522 4360 Apud
1559 4290 1859 4345 nonnullos
1897 4292 1956 4344 in
1991 4290 2079 4343 his
2118 4290 2299 4343 titulis
2347 4289 2685 4358 gladiatores

390 4397 531 4432 unus
568 4383 787 4433 tantum
813 4398 1076 4435 numerus
1103 4381 1404 4447 inuenitur,
1443 4380 1537 4449 qui
1575 4396 1909 4449 quamquam
1947 4379 2007 4433 in
2045 4395 2108 4433 eo
2145 4377 2340 4432 ordine
2366 4382 2540 4446 extat,
2577 4395 2685 4445 quo

388 4468 605 4521 numeri
639 4468 1008 4524 uictoriarum
1043 4470 1359 4536 laudantur,
1406 4474 1592 4523 tamen
1633 4469 1704 4523 ad
1742 4486 1958 4538 pugnas
1996 4467 2319 4522 referendus
2358 4467 2494 4520 mihi
2531 4465 2686 4520 uide·

388 4561 508 4626 tur;
544 4556 603 4611 hi
638 4557 812 4627 igitur
849 4559 1187 4629 gladiatores
1224 4562 1431 4615 mortui
1471 4566 1603 4615 sunt
1641 4565 1771 4613 ante
1809 4558 2108 4613 uictoriam
2145 4562 2506 4627 reportatam.

2254 4687 2287 4734 4
