3190 5037
1552 318 1620 376 18

437 498 514 559 ab
581 498 860 560 Suetonio
917 495 1018 577 (cf.
1064 500 1232 559 Reiff.
1277 521 1333 578 p.
1382 488 1534 578 464)
1561 494 1633 575 ¹),
1700 498 2037 560 Suetonium
2105 520 2140 559 a
2207 499 2500 561 quenalis
2567 501 2731 561 scho-

437 601 611 659 liasta
675 603 1006 679 excriptum
1069 621 1195 660 esse
1260 601 1739 669 existimauerim.
1849 599 2163 660 Praeterea
2228 605 2340 661 etsi
2406 607 2566 662 certo
2620 621 2735 661 non

437 701 577 760 licet
627 701 873 760 iudicari
928 701 1003 761 ad
1047 700 1390 762 Suetonium
1436 703 1686 761 fortasse
1740 701 2046 760 referenda
2107 706 2246 761 sunt
2300 701 2521 762 scholia
2562 702 2733 762 haec:

437 801 511 860 ad
564 801 621 859 II
670 803 749 861 53
804 791 1119 882 (colyphiaJ
1182 803 1538 861 athletarum
1595 803 1789 862 cibum
1859 797 2031 878 dicit)
2095 803 2171 862 ad
2215 802 2310 862 III
2354 805 2501 863 263:
2570 797 2734 880 (stri-

440 903 582 981 gula
643 910 841 964 autem
885 909 994 982 est,
1057 904 1216 982 quod
1269 910 1530 981 xystram
1574 904 1798 977 dicunt,
1859 904 2017 965 unde
2057 903 2248 963 oleum
2299 900 2613 981 deteritur)
2658 905 2737 963 ad

439 1005 516 1064 VI
562 1006 678 1063 421
740 1006 894 1079 (cum
954 1005 1174 1065 lassata
1237 1008 1410 1082 graui
1478 1006 1814 1066 ceciderunt
1873 1005 2148 1066 bracchia
2204 1000 2417 1081 massa]
2479 1005 2737 1064 halteras

440 1105 603 1177 dicit,
646 1107 861 1184 quibus
906 1111 1156 1166 utuntur
1198 1108 1459 1166 athletae
1502 1127 1630 1167 cum
1675 1102 2048 1183 exercentur)
2089 1106 2166 1166 ad
2212 1106 2317 1165 VII
2365 1108 2484 1165 243
2535 1101 2632 1184 (ut
2673 1109 2735 1165 in

436 1206 675 1267 theatro
725 1209 918 1268 solent
967 1214 1170 1287 petere
1223 1209 1482 1287 quinque
1537 1229 1773 1285 aureos3
1840 1229 1975 1268 nam
2030 1228 2144 1268 non
2207 1207 2422 1268 licebat
2486 1207 2736 1285 amplius

437 1303 625 1385 dare),
692 1310 767 1369 ad
826 1309 963 1368 VIII
1024 1311 1141 1367 190
1198 1304 1559 1387 (triscurriaJ
1618 1309 1703 1368 ΙΙΙ
1756 1329 1989 1369 scurras
2048 1308 2277 1369 fabulas
2334 1313 2575 1383 agentes
2628 1306 2736 1379 [sic

438 1409 771 1470 emendauit
801 1399 999 1489 Iahn])
1050 1409 1126 1469 ad
1169 1409 1306 1469 VIII
1337 1412 1456 1469 226
1503 1404 1672 1487 (quia
1714 1410 1873 1488 apud
1901 1409 2175 1470 Isthmios
2219 1429 2434 1485 agones
2481 1411 2735 1467 uictores

436 1511 569 1586 apio
613 1508 997 1586 coronantur)
1047 1511 1167 1568 229
1215 1505 1466 1588 (syrma]
1515 1512 1698 1570 uestis
1742 1513 1998 1588 tragica3
2060 1513 2130 1571 cf.
2177 1511 2254 1569 ad
2297 1509 2408 1568 XV
2455 1511 2563 1568 30:
2609 1530 2731 1584 syr-

436 1600 619 1691 mata]
664 1616 858 1670 uestes
901 1609 1187 1688 tragicas)
1235 1611 1310 1669 ad
1353 1611 1439 1670 XI
1490 1613 1627 1683 193,
1678 1613 1793 1670 195
1843 1607 1981 1689 (hoc
2022 1611 2155 1671 ideo
2211 1601 2284 1692 [?]
2344 1612 2484 1688 quia
2529 1610 2733 1687 Mega·

436 1709 634 1769 lesiaci
681 1711 966 1770 circenses
1018 1715 1156 1769 ante
1209 1710 1389 1771 solem
1447 1731 1633 1790 prope
1675 1711 2018 1771 edebantur.
2064 1712 2337 1789 quoniam
2383 1711 2736 1770 circensibus

436 1809 574 1885 illis,
618 1830 766 1888 quos
807 1816 1111 1889 praetores
1155 1813 1357 1891 edunt,
1400 1832 1549 1872 unus
1576 1818 1667 1872 est
1696 1812 1925 1884 missus,
1972 1814 2074 1889 qui
2099 1811 2429 1871 ordinarius
2463 1802 2733 1893 [‚,ordea-

435 1910 599 1971 rius“
657 1902 959 1993 Pithoeus]
1013 1913 1248 1973 dicitur.
1313 1913 1444 1974 ideo
1501 1914 1763 1992 „praeda
1814 1892 2235 1984 caballorum“‚
2300 1914 2440 1991 quia
2495 1913 2733 1972 ordeum

435 2029 545 2087 pro
601 2011 704 2071 illo
763 2013 856 2072 die
915 2015 1158 2091 aurigae
1209 2015 1431 2075 tollunt
1486 2034 1803 2093 equorum;
1872 2019 1979 2075 aut
2027 2016 2161 2075 ideo
2219 2016 2516 2093 ‚‚praeda“
2563 2016 2735 2091 dixit,

437 2115 711 2189 quoniam
756 2114 927 2175 multi
973 2118 1109 2194 equi
1138 2116 1564 2193 frangebantur
1606 2111 1764 2195 [lege
1807 2117 1966 2189 „fere
1995 2116 2392 2193 agebantur“]
2439 2119 2499 2175 in
2528 2117 2735 2176 iisdem

435 2214 839 2291 circensibus).
906 2248 989 2258 ——
1050 2217 1240 2278 Schol.
1289 2219 1366 2278 ad
1411 2218 1443 2277 I
1483 2219 1518 2276 3
1576 2214 1842 2296 (togatae
1897 2223 2038 2277 sunt
2099 2217 2428 2277 comoediae
2473 2217 2734 2289 Latinae,

434 2316 636 2392 quales
682 2317 962 2378 Afranius
1003 2319 1161 2392 fecit,
1227 2320 1508 2399 palliatae
1556 2319 1816 2380 Graecae
1870 2310 1975 2401 [sic
2027 2321 2177 2378 enim
2234 2319 2542 2396 legendum
2588 2308 2733 2399 estJ)

431 2416 683 2478 fortasse
741 2439 813 2478 ex
857 2417 1118 2480 Suetonii
1159 2421 1313 2481 libro
1370 2421 1442 2481 de
1498 2422 1644 2480 uiris
1692 2419 2023 2481 illustribus
2068 2413 2167 2498 (cf.
2213 2419 2323 2480 Rff.
2356 2440 2415 2497 p.
2453 2421 2529 2478 13
2569 2411 2729 2496 sqq.)

432 2516 847 2597 depromptum
891 2528 999 2582 est.

1417 3149 1633 3235 Caput
1674 3151 1757 3215 II.

954 3311 1060 3371 DE
1105 3311 1682 3380 GLADIATORUM
1725 3312 2204 3374 ARMATURIS.

633 3446 910 3518 Quaestio
967 3446 1040 3505 de
1091 3446 1486 3524 gladiatorum
1543 3449 1860 3507 armaturis
1918 3449 2025 3507 etsi
2081 3468 2211 3508 cum
2263 3447 2337 3505 ab
2392 3448 2522 3506 aliis
2587 3449 2732 3505 uiris

437 3552 561 3604 tum
612 3549 814 3624 paucis
867 3553 1007 3606 ante
1062 3550 1227 3607 annis
1275 3552 1517 3608 tertium
1564 3569 1601 3608 a
1644 3549 2064 3608 Friedlandero
2106 3550 2168 3607 in
2211 3546 2535 3625 appendice
2576 3547 2731 3620 libri,

437 3649 539 3723 qui
588 3647 1157 3723 „Sittengeschichte
1200 3649 1415 3709 Roms“
1461 3650 1821 3721 inscribitur,
1886 3653 2143 3708 tractata
2186 3655 2295 3720 est,
2358 3650 2614 3706 omnium
2657 3648 2733 3706 ad

434 3748 743 3807 historiam
796 3748 1167 3825 gladiaturae
1219 3752 1644 3827 pertinentium
1704 3750 2043 3826 dignissima
2100 3748 2238 3807 mihi
2299 3768 2424 3807 esse
2478 3748 2732 3818 uidetur,

432 3850 494 3907 in
524 3868 641 3925 qua
670 3849 860 3908 denuo
890 3871 1071 3928 opera
1098 3857 1366 3912 navetur.
1411 3881 1493 3892 —
1537 3853 1744 3911 Iustus
1775 3852 2028 3930 Lipsius,
2073 3850 2172 3928 qui
2203 3851 2263 3908 in
2294 3848 2733 3921 „Saturnalium

433 3969 761 4008 sermonum
818 3950 983 4010 libris
1037 3952 1266 4012 duobus
1325 3955 1428 4030 qui
1480 3954 1553 4012 de
1597 3951 2065 4030 gladiatoribus“
2096 3938 2331 4029 'primus
2375 3950 2613 4009 uberius
2662 3949 2733 4009 de

436 4048 830 4109 Romanorum
872 4051 1210 4126 gladiatura
1247 4055 1388 4129 egit,
1434 4054 1494 4111 in
1530 4054 1641 4113 hac
1671 4073 1735 4111 re
1764 4057 2079 4130 propterea
2119 4051 2456 4129 saepissime
2487 4052 2733 4124 errauit,

639 4278 696 4348 1)
731 4278 863 4333 Sine
907 4278 1078 4333 dubio
1134 4278 1457 4334 Lactantius
1495 4280 1569 4334 VI
1609 4280 1680 4333 20
1727 4297 1838 4333 non
1890 4280 2071 4349 ipsum
2125 4279 2395 4342 Sinnium,
2453 4280 2549 4347 qui
2605 4282 2736 4348 post

435 4365 691 4420 Suetonii
727 4367 1017 4421 historiam
1054 4368 1326 4422 ludicram
1352 4385 1463 4438 non
1490 4368 1797 4436 legebatur,
1835 4367 1932 4422 sed
1959 4385 2113 4422 more
2139 4367 2361 4422 illorum
2394 4368 2733 4437 scriptorum

435 4455 697 4509 simulata
752 4459 1007 4510 ueterum
1063 4473 1128 4511 ac
1187 4457 1604 4511 reconditorum
1659 4457 1928 4511 librorum
1968 4456 2202 4513 scientia
2240 4456 2586 4524 Suetonium,
2637 4456 2733 4525 qui

434 4543 615 4599 Sinnii
655 4544 824 4600 uerba
859 4543 1158 4614 adtulerat,
1195 4546 1479 4615 excripsit.
