3190 5037
1579 317 1650 370 27

462 511 535 549 ne
591 492 722 567 quis
774 492 927 550 male
993 497 1218 566 utatur,
1286 494 1387 565 „in
1431 493 1621 552 medio
1664 492 1852 552 mari“
1914 494 2150 568 dicitur,
2210 500 2280 553 ut
2336 496 2767 573 spectatoribus

465 592 719 650 dilucide
799 592 1233 652 demonstretur
1256 637 1270 663 ,
1352 613 1525 670 quam
1600 595 1803 672 inepta
1867 596 1945 652 sit
2012 593 2352 655 Demaeneti
2420 597 2764 674 postulatio·

464 693 770 766 Quomodo
832 696 943 753 tali
1006 697 1123 754 reti
1184 699 1434 753 utantur
1497 696 1819 773 piscatores
1840 739 1855 767 ,
1917 696 2135 774 optime
2200 697 2459 773 explicat
2523 696 2767 756 Plautus

372 852 375 857 .
464 795 698 854 Trucul.
745 796 782 855 l.
832 814 909 856 c.:
958 798 1164 872 „quasi
1208 797 1267 853 in
1313 797 1597 873 piscinam
1642 802 1766 855 rete
1812 798 1913 873 qui
1961 797 2212 856 iaculum
2242 803 2442 875 parat:
2483 793 2494 873 Ι
2533 797 2767 874 quando

464 895 616 954 abiit
659 902 784 955 rete
830 916 1085 975 pessum,
1129 896 1369 955 adducit
1412 896 1653 973 lineam3
1705 891 1715 974 Ι
1764 900 1813 956 si
1855 898 2053 956 inierit
2093 904 2220 956 rete
2263 900 2461 976 piscis,
2503 916 2578 957 ne
2622 897 2763 957 effu-

465 998 593 1072 giat
630 1002 818 1057 canet.
859 993 870 1074 Ι
908 997 1062 1056 Dum
1091 997 1205 1055 huc
1235 999 1375 1056 illuc
1418 1003 1546 1056 rete
1575 999 1999 1071 circumuortit,
2043 999 2292 1075 impedit
2330 994 2338 1074 Ι
2375 1001 2553 1077 piscis
2582 1019 2768 1075 usque

469 1097 637 1169 ade0,
683 1099 953 1157 donicum
994 1098 1200 1157 eduxit
1241 1093 1556 1176 foras.“¹);
1620 1099 1692 1159 cf.
1737 1100 1913 1158 etiam
1960 1099 2367 1157 Leemansium
2413 1099 2557 1159 Rev.
2604 1100 2765 1159 arch.

465 1200 547 1258 IX
594 1196 814 1279 (1852)
861 1222 919 1279 p.
967 1203 1066 1259 84.
2549 1194 2556 1203 ⁴

662 1302 932 1361 Alterum
976 1302 1204 1361 retiarii
1261 1302 1441 1360 telum
1505 1307 1598 1360 est
1640 1301 1866 1361 tridens
1912 1321 1958 1361 s.
2004 1301 2248 1370 fuscina,
2312 1321 2488 1378 quam
2533 1307 2767 1378 praeter

465 1401 802 1460 quenalem
863 1408 923 1461 et
966 1402 1260 1461 Isidorum
1313 1401 1374 1460 ll.
1431 1423 1511 1461 cc.
1572 1407 1831 1460 testatur
1891 1400 2129 1460 Sueton.
2179 1399 2364 1479 Galig.
2420 1403 2525 1462 30:
2596 1421 2766 1473 „cum

463 1501 748 1579 (quinque
814 1504 1038 1561 retiarii
1102 1522 1138 1560 a
1203 1504 1462 1580 quinque
1521 1502 1890 1562 secutoribus
1943 1495 2113 1579 uicti)
2170 1503 2353 1562 occidi
2405 1503 2766 1581 iuberentur,

464 1623 616 1661 unus
646 1609 949 1680 resumpta
977 1605 1204 1662 fuscina
1232 1622 1430 1662 omnes
1473 1605 1729 1662 uictores
1758 1603 2130 1679 interemit“3
2178 1605 2251 1662 cf.
2295 1605 2471 1663 etiam
2504 1603 2764 1664 Martial.
2869 1658 2888 1681 ,

465 1701 534 1776 V,
584 1705 682 1781 24,
735 1705 829 1781 12,
874 1703 975 1763 ubi
1018 1704 1248 1763 uerbis:
1315 1724 1646 1780 „aequoreo
1711 1706 1907 1762 minax
1950 1703 2245 1762 tridente“
2291 1689 2575 1764 'retiarius
2617 1704 2767 1763 indi-

467 1809 640 1862 catur
657 1801 730 1881 ²).
820 1805 974 1864 Haec
1006 1805 1121 1864 duo
1167 1806 1286 1864 tela
1325 1825 1360 1863 a
1390 1804 1785 1883 piscatoribus
1828 1805 2178 1882 deprompta
2221 1825 2366 1877 esse,
2412 1824 2763 1883 quamquam

464 1924 557 1962 res
603 1904 1052 1965 Friedlaendero
1099 1924 1212 1964 non
1256 1911 1419 1964 certa
1462 1906 1701 1965 uidetur
1746 1911 1806 1964 et
1841 1908 2068 1964 retiarii
2112 1906 2332 1982 depicti
2376 1926 2601 1984 semper
2646 1907 2767 1965 fere

462 1992 800 2084 tridentem,
858 2009 1010 2066 sicut
1057 2010 1370 2066 uenatores
1417 2006 1666 2084 hastam,
1720 2012 1971 2083 utraque
2015 2026 2189 2066 manu
2219 2011 2457 2082 gestant
2471 2002 2544 2082 ⁸),
2598 2025 2766 2078 nem

466 2125 556 2164 me
583 2105 774 2164 iudice
817 2104 928 2163 ibit
973 2104 1210 2176 infitias,
1255 2092 1603 2182 praesertim
1639 2126 1768 2164 cum
1799 2111 2029 2164 ueteres
2074 2108 2189 2182 ipsi
2236 2107 2311 2165 ad
2354 2126 2535 2165 unum
2566 2123 2764 2164 omnes

465 2205 709 2264 eandem
753 2204 1070 2264 habuerint
1115 2207 1500 2276 sententiam3
1543 2207 1615 2265 cf.
1655 2204 1871 2265 Friedl.
1902 2226 1959 2282 p.
1994 2205 2134 2265 514.
2227 2207 2492 2265 Tertium
2538 2207 2766 2265 retiarii

462 2306 645 2364 telum
690 2311 819 2364 erat
862 2308 1064 2384 pugi0,
1129 2325 1301 2383 quem
1344 2311 1601 2365 testatur
1645 2306 1803 2365 solus
1846 2306 2113 2365 Valerius
2158 2306 2450 2366 Maximus
2499 2308 2545 2377 1,
2593 2310 2648 2382 7,
2696 2308 2762 2368 8:

464 2407 782 2480 „retiarius
829 2449 1085 2471 .....
1130 2408 1442 2466 traiectum
1487 2408 1684 2484 gladio
1730 2407 2038 2467 Haterium
2079 2408 2445 2485 interemit“;
2491 2408 2594 2468 sed
2639 2429 2761 2467 sae-

462 2509 699 2587 pissime
741 2509 801 2567 in
844 2508 1231 2568 monumentis
1272 2509 1621 2568 inuenimus.

662 2610 783 2668 Iam
849 2611 926 2669 ad
992 2630 1061 2668 ea
1125 2616 1493 2669 transeamus
1559 2631 1741 2685 arma,
1810 2611 2023 2688 quibus
2087 2614 2361 2671 retiarius
2427 2612 2761 2686 tegebatur.

464 2710 763 2781 Habebat,
824 2715 896 2769 ut
949 2712 1128 2769 ceteri
1171 2710 1550 2786 gladiatores,
1618 2711 2047 2788 subligaculum
2120 2711 2378 2770 balteum
2443 2714 2759 2790 manicam;

460 2816 660 2870 tamen
725 2813 952 2870 manica
1006 2830 1126 2868 non
1178 2810 1409 2885 dextr0,
1475 2811 1580 2870 sed
1630 2812 1867 2871 sinistro
1930 2812 2228 2889 applicata
2287 2817 2417 2872 erat
2469 2813 2761 2887 bracchio,

465 2910 623 2988 quod
667 2912 945 2971 retiarius
987 2912 1074 2969 ita
1115 2911 1390 2988 gestabat
1433 2912 1770 2983 tridentem,
1812 2918 1881 2970 ut
1925 2913 1987 2970 id
2016 2911 2353 2970 bracchium
2394 2915 2644 2973 maxime
2686 2914 2760 2973 ad

462 3011 616 3071 ictus
668 3011 994 3070 aduersarii
1057 3017 1214 3071 esset
1268 3013 1618 3089 expositum.
1706 3012 1893 3072 Crura
1956 3032 2372 3090 saepenumero
2436 3015 2497 3073 in
2562 3032 2762 3072 monu-

464 3114 676 3171 mentis
719 3113 916 3171 fasciis
960 3112 1362 3189 circumligata
1404 3118 1561 3172 sunt.
1648 3113 1964 3172 Praeterea
2008 3132 2150 3172 uero
2190 3114 2475 3191 peculiari
2511 3115 2764 3174 uteban-

464 3220 566 3273 tur
610 3215 948 3291 tegimento,
994 3212 1067 3271 de
1112 3232 1227 3290 quo
1267 3214 1468 3272 eodem
1522 3214 1645 3273 fere
1689 3219 1954 3292 tempore
1993 3219 2056 3274 et
2090 3213 2325 3273 Henzen
2372 3220 2433 3273 et
2485 3214 2762 3273 Garrucci

465 3307 634 3390 (bull.
667 3314 924 3392 Napolit.
955 3334 1011 3376 n.
1042 3334 1087 3374 ε.
1120 3314 1146 3371 1
1173 3335 1232 3393 p.
1274 3311 1418 3388 103)
1447 3320 1606 3373 recte
1633 3314 2059 3375 iudicauerunt.
2106 3315 2264 3375 Dicit
2292 3318 2443 3375 enim
2469 3316 2763 3374 quenalis

469 3421 579 3474 sat.
642 3414 792 3474 VIII
851 3418 1002 3476 207:
1073 3416 1415 3491 „credamus
1466 3417 1700 3476 tunicae
1752 3418 1824 3475 de
1890 3416 2156 3476 faucibus
2212 3437 2391 3488 aurea
2442 3437 2570 3476 cum
2638 3437 2700 3475 se
2755 3409 2764 3493 Ι

465 3517 736 3594 porrigat
789 3522 851 3575 et
907 3516 1083 3594 longo
1133 3517 1386 3575 iactetur
1441 3518 1603 3595 spira
1646 3513 1910 3593 galero“.
2001 3517 2130 3576 Non
2173 3519 2361 3576 solum
2408 3518 2761 3577 uetustiores

666 3737 718 3805 1)
754 3735 1043 3792 Lectiones
1095 3735 1362 3804 „inierit“
1412 3739 1470 3789 et
1517 3735 1691 3805 „dum
1727 3735 1835 3791 huc
1870 3735 2006 3791 illuc
2043 3740 2162 3791 rete
2198 3738 2630 3793 circumuortit“
2666 3740 2758 3794 de·

463 3825 674 3880 bentur
711 3824 835 3878 uiro
872 3824 977 3878 hoc
1014 3823 1140 3879 loeo
1178 3841 1290 3878 non
1328 3823 1685 3878 nominando,

667 3914 724 3983 2)
764 3911 1042 3988 Singulari
1091 3910 1337 3967 fuscinae
1381 3910 1564 3965 forma
1603 3911 1783 3965 utitur
1822 3912 2084 3967 retiarius
2127 3912 2382 3983 depictus
2440 3914 2571 3969 Rev.
2610 3914 2760 3969 arch.

469 4000 599 4055 VIII
628 3999 816 4071 (1851)
835 4001 950 4055 tab.
977 4000 1094 4062 169,
1135 4017 1292 4069 quae,
1320 4000 1448 4068 quia
1475 3999 1707 4054 incurva
1734 4003 1834 4066 est,
1860 4003 2172 4070 comparari
2196 4007 2385 4072 potest
2408 4020 2533 4058 cum
2559 4003 2765 4059 Thrae-

466 4106 544 4145 ms
582 4106 714 4144 sica.

666 4178 722 4247 3)
761 4177 913 4233 Vnus
959 4177 1220 4234 retiarius
1266 4177 1324 4231 in
1367 4177 1683 4248 anaglypho
1720 4177 1852 4231 mali
1889 4178 2038 4232 oculi
2077 4195 2367 4248 expressus
2404 4178 2762 4249 (Archaeolo·

465 4265 590 4335 giae
627 4265 759 4320 XIX
795 4285 846 4336 p.
887 4270 979 4337 703
1016 4266 1280 4321 Berichte
1317 4267 1369 4321 d.
1410 4266 1600 4322 Sachs.
1640 4266 1764 4322 Ges.
1796 4267 1847 4321 d.
1888 4266 2221 4323 Wissensch.
2266 4270 2401 4323 1855
2439 4269 2553 4322 tab.
2596 4268 2677 4321 111
2707 4267 2760 4338 1)

468 4354 526 4408 in
573 4355 914 4424 piscatorum
962 4356 1187 4411 modum
1227 4355 1441 4410 fuscina
1479 4355 1625 4410 ferit.
1702 4356 2042 4411 Testimonia
2078 4358 2148 4411 de
2186 4363 2512 4412 uenatorum
2550 4360 2608 4410 et
2650 4357 2760 4425 pis·

465 4446 717 4497 catorum
773 4444 1020 4499 tridente
1081 4445 1362 4515 congessit
1422 4444 1687 4499 Wieseler
1743 4445 1801 4498 in
1855 4445 1971 4500 ind.
2029 4445 2197 4501 schol.
2250 4445 2502 4516 Gotting.
2541 4445 2759 4500 hibern.

468 4547 516 4583 a.
562 4531 768 4598 187213.
