3190 5037
1562 297 1634 349 42

449 470 822 529 uictoriarum
895 477 955 530 et
1005 471 1384 548 participium
1448 489 1540 530 στε
1601 474 1783 549 priori
1846 475 2044 531 uersui
2108 474 2414 547 attribuit;
2492 483 2619 535 tum
2682 496 2745 534 se

449 589 674 629 errasse
721 571 1069 649 intellegens
1113 578 1173 631 et
1218 594 1473 632 errorem
1519 575 1851 650 corrigendi
1879 576 2127 652 cupidus
2172 597 2471 636 numerum
2505 598 2744 637 corona-

448 693 577 730 rum
623 694 689 730 eo
734 674 861 733 loco
906 673 1124 743 incidit,
1171 675 1272 732 ubi
1318 677 1492 734 etiam
1534 681 1763 734 ceterae
1810 682 1983 735 notae
2014 677 2353 737 incidendae
2398 685 2583 738 erant.
2652 681 2745 739 Ita

448 779 664 853 euenit,
727 781 796 833 ut
852 776 1095 834 alterius
1138 776 1489 850 gladiatoris
1533 797 1761 854 nomen,
1830 779 1986 855 quod
2031 781 2147 838 iam
2189 799 2305 838 non
2349 785 2615 859 apparet,
2683 781 2743 837 in

448 878 659 954 priore,
705 877 1015 950 genetiuus
1041 868 1349 947 Ἑκαταιάς
1389 883 1448 935 et
1492 881 1718 937 numeri
1762 880 1821 937 in
1852 882 2178 957 posteriore
2219 901 2395 939 uersu
2425 881 2744 940 scriberen-

447 982 565 1036 tur.
653 977 833 1035 Recte
899 977 1147 1034 fortasse
1215 977 1532 1037 Blackwell
1603 979 1853 1056 lapidem
1921 987 2168 1057 propter
2223 987 2317 1040 tot
2378 982 2747 1058 quadratarii

447 1097 674 1136 errores
721 1097 911 1154 neque
960 1078 1132 1153 plane
1175 1079 1497 1154 perfectum
1543 1085 1604 1137 et
1648 1081 1938 1138 abiectum
1984 1100 2110 1139 esse
2155 1082 2481 1142 arbitratus
2525 1087 2632 1142 est.

645 1178 760 1237 Sed
801 1185 1167 1237 reuertamur
1211 1179 1286 1236 ad
1329 1185 1594 1238 nostram
1630 1183 2052 1257 quaestionem.
2140 1182 2200 1240 Si
2243 1202 2431 1241 meum
2465 1183 2743 1241 iudicium

447 1279 519 1338 de
567 1280 742 1338 titulo
787 1286 1011 1338 rectum
1057 1286 1165 1356 est,
1233 1283 1376 1340 certi
1420 1284 1675 1340 muneris
1718 1284 1780 1340 in
1825 1301 1894 1341 eo
1938 1283 2153 1342 mentio
2196 1283 2267 1342 fit
2310 1304 2376 1341 eo
2423 1283 2611 1359 mod0,
2674 1289 2745 1342 ut

446 1381 680 1458 singula
709 1386 1121 1439 enumerentur
1149 1382 1544 1458 gladiatorum
1584 1386 1771 1462 paria,
1817 1404 1968 1461 quae
2011 1385 2111 1442 illo
2139 1405 2389 1445 munere
2420 1387 2745 1462 composita

446 1490 604 1554 sunt,
670 1490 731 1544 et
795 1486 1040 1561 singulis
1083 1485 1510 1559 gladiatoribus
1564 1489 1790 1546 numeri
1840 1489 2223 1547 uictoriarum
2280 1490 2339 1543 et
2398 1505 2742 1545 coronarum

444 1586 816 1645 ascribantur
868 1593 1048 1663 atque
1121 1588 1426 1658 indicetur,
1509 1608 1626 1664 quo
1699 1591 1948 1665 quisque
2005 1589 2201 1646 Marte
2262 1587 2421 1645 illam
2485 1606 2742 1664 pugnam

445 1686 695 1744 subierit
711 1681 779 1765 ¹).
867 1687 1273 1748 Memorantur
1328 1695 1526 1747 autem
1577 1689 1693 1748 duo
1748 1690 1934 1766 paria,
2002 1689 2251 1765 alterurn
2297 1687 2741 1761 essedariorum,

446 1788 696 1846 alterum
733 1790 1187 1865 murmillonum,
1241 1791 1327 1847 ita
1370 1793 1440 1848 ut
1484 1791 1661 1848 etiam
1708 1790 1814 1848 hos
1857 1791 2013 1848 inter
2057 1808 2118 1847 se
2161 1807 2457 1865 pugnasse
2504 1789 2566 1846 in
2610 1807 2743 1866 pro-

443 1889 651 1965 patulo
698 1891 792 1950 sit.

642 1988 1032 2067 Quaecunque
1097 2011 1240 2050 uero
1309 1992 1381 2050 de
1436 1991 1903 2050 murmillonibus
1957 1991 2292 2062 dixerimus,
2360 1993 2520 2049 recte
2586 1989 2744 2048 dicta

446 2109 571 2148 esse
621 2090 950 2167 apparebit,
1018 2093 1067 2150 si
1109 2096 1289 2168 caput
1331 2092 1477 2149 illud
1512 2092 1867 2150 Artemidori
1912 2094 2158 2150 onirocr.
2192 2091 2250 2149 II
2286 2092 2362 2149 32
2407 2091 2520 2148 iam
2568 2109 2743 2168 saepe

447 2190 689 2248 allatum
746 2194 1074 2250 accuratius
1126 2193 1707 2251 considerauerimus.
1795 2191 1941 2249 Nam
2002 2211 2128 2250 cum
2188 2191 2297 2249 hoc
2339 2192 2462 2250 loco
2507 2197 2743 2266 praeter

445 2290 802 2365 gladia-tores
862 2291 1179 2366 ignobiles,
1246 2293 1586 2368 sagittarios
1658 2293 1933 2350 scissores
1998 2292 2328 2368 laquearios
2396 2290 2739 2359 audabatas,

448 2391 548 2466 qui
592 2396 716 2449 tum
776 2392 1028 2451 fortasse
1072 2399 1177 2450 aut
1232 2393 1488 2451 nondum
1544 2392 1892 2471 pugnabant
1942 2397 2048 2451 aut
2097 2394 2210 2450 iam
2266 2393 2511 2451 extincti
2555 2396 2742 2465 erant,

447 2495 506 2547 et
549 2497 785 2568 praeter
825 2492 1216 2570 oplomachos,
1262 2513 1507 2570 quorum
1553 2513 1717 2553 arma
1748 2513 1783 2552 a
1813 2494 2118 2552 secutoriis
2149 2513 2262 2552 non
2294 2497 2461 2552 erant
2489 2491 2741 2569 diuersa,

447 2612 643 2652 omnes
708 2598 1042 2652 armaturae
1110 2599 1542 2665 recenseantur,
1609 2614 1728 2653 una
1793 2614 1966 2671 quam
2031 2596 2278 2653 maxime
2340 2594 2740 2652 desideratur:

446 2695 883 2754 murmillonica.
972 2695 1232 2754 Hercher
1281 2695 1513 2771 quidem
1548 2715 1680 2753 eum
1709 2695 2118 2769 gladiatorem,
2165 2695 2266 2771 qui
2311 2699 2569 2751 extremo
2614 2693 2741 2752 loco

446 2800 726 2871 corrupta
789 2816 933 2854 uoce
999 2792 1256 2874 ὀρβήλας
1319 2816 1365 2855 s.
1423 2789 1689 2872 ἀρβήλας
1738 2795 2053 2865 indicatur,
2120 2794 2543 2853 murmillonem
2615 2813 2742 2852 esse

445 2896 704 2955 coniecit.
794 2895 907 2954 Sed
953 2900 1091 2973 quia
1137 2901 1387 2974 apparet
1431 2902 1763 2954 armaturas
1806 2898 1891 2953 ita
1933 2896 2241 2970 recenseri,
2309 2900 2395 2967 ut,
2467 2913 2583 2971 quo
2628 2914 2743 2971 qua

440 2996 718 3054 usitatior
772 3002 834 3055 et
886 2998 1136 3057 nobilior
1193 2999 1391 3074 fuerit,
1460 3018 1527 3056 eo
1572 2998 1868 3057 meliorem
1914 3001 2111 3056 teneat
2154 2997 2363 3071 locum,
2421 2994 2739 3053 murmillo-

441 3095 625 3154 nicam
679 3117 819 3156 uero
872 3118 1100 3176 semper
1145 3100 1299 3157 inter
1345 3099 1739 3158 nobilissimas
1785 3099 1964 3157 fuisse
2012 3105 2072 3157 et
2116 3098 2433 3174 scriptores
2478 3101 2537 3154 et
2581 3095 2741 3153 tituli

443 3226 520 3235 -
571 3203 640 3254 ut
682 3197 754 3255 de
797 3202 1186 3257 monumentis
1231 3205 1457 3258 taceam
1488 3230 1568 3239 —
1607 3205 1923 3271 testantur,
1969 3197 2251 3258 Hercheri
2294 3198 2587 3262 sententia
2627 3196 2739 3254 rei·

442 3297 646 3356 cienda
698 3304 803 3372 est,
863 3302 1210 3377 praesertim
1267 3320 1395 3358 cum
1454 3300 1870 3359 Friedlaender
1914 3320 1973 3376 p.
2016 3302 2135 3360 519
2185 3302 2344 3357 recte
2389 3298 2598 3374 opinor
2639 3296 2741 3354 illo

439 3396 566 3455 loco
607 3385 792 3474 βήλης
834 3401 869 3459 i.
902 3420 949 3457 e.
1001 3394 1234 3474 „ueles“
1281 3402 1561 3478 scriptum
1593 3401 1774 3459 fuisse
1819 3402 2152 3477 suspicatus
2198 3400 2293 3457 sit.
2382 3398 2566 3455 Extat
2597 3416 2738 3455 uero

438 3499 497 3555 in
561 3489 693 3556 illo'
729 3502 920 3576 capite
987 3503 1138 3560 alter
1206 3523 1438 3579 quoque
1502 3504 1662 3561 locus
1728 3507 2059 3578 corruptus,
2122 3500 2252 3557 dico
2297 3498 2512 3557 uerba:
2571 3493 2627 3554 εἰ
2679 3490 2745 3555 δέ

439 3617 518 3667 τις
566 3592 710 3673 μετ’
775 3595 1138 3678 ἀργυρέων
1205 3596 1439 3660 ὃπλων
1492 3590 1774 3662 πυκτεύοι.
1863 3602 2140 3660 Mendum
2197 3621 2310 3660 non
2356 3606 2446 3659 est
2489 3602 2548 3658 in
2590 3593 2743 3674 μετὰ

437 3728 520 3737 -
560 3692 770 3773 ὅπλων,
838 3720 1192 3778 quamquam
1240 3703 1380 3761 alibi
1443 3703 1695 3762 dicitur:
1760 3698 1810 3760 εἶ
1850 3695 1963 3775 μὲν
2008 3695 2199 3780 Θρᾳκὶ
2244 3720 2288 3761 e.
2339 3694 2644 3775 σεκούτωρι
2690 3718 2739 3758 s.

438 3793 709 3881 ρητιαρίῳ
775 3797 1067 3877 πυκτεύοι;
1138 3824 1270 3862 nam
1337 3804 1592 3881 scriptor
1646 3806 1771 3881 ipse
1816 3809 1994 3861 antea
2043 3802 2187 3860 dicit
2231 3822 2348 3860 non
2399 3802 2585 3859 solum
2632 3800 2735 3859 ad-

438 3902 705 3971 uersarii,
759 3921 1009 3977 quocum
1068 3907 1198 3980 quis
1244 3924 1306 3963 se
1349 3923 1617 3981 pugnare
1661 3908 1850 3982 putet,
1912 3906 2213 3960 armatura
2255 3903 2501 3961 indicari
2547 3921 2736 3959 mores

439 3999 714 4069 mulieris,
780 4001 883 4058 sed
929 4005 1106 4062 etiam
1147 4023 1234 4082 ea,
1298 4024 1415 4082 qua
1461 4006 1587 4081 ipse
1632 4006 1926 4063 somnians
1968 4005 2047 4062 sit
2088 4006 2415 4062 instructus
2459 3998 2556 4077 (cf.
2603 3995 2739 4077 ἐτή-

437 4118 583 4175 ρησα
631 4097 687 4157 δ’
744 4097 859 4179 ἐγώ
919 4100 1190 4175 πολλάκις
1240 4103 1340 4162 καὶ
1400 4101 1595 4183 γοίμον
1650 4101 1709 4163 τὸ
1775 4108 2026 4163 τοιοῦτον
2091 4098 2233 4180 ὄναρ
2301 4105 2746 4181 προαγορεῦσαν

437 4199 705 4276 γυναικὸς
746 4192 1020 4281 τοιαύτης,
1067 4195 1186 4263 οἷα
1229 4202 1272 4264 ἄ
1284 4227 1314 4262 ν
1355 4227 1456 4277 τις
1492 4194 1533 4289 ᾖ
1571 4200 1757 4264 ὅπλα
1803 4199 1983 4282 ἔχων
2024 4197 2064 4282 ἢ
2108 4200 2213 4287 οἵῳ
2259 4200 2333 4263 ἄν
2363 4224 2442 4274 τις
2472 4197 2744 4284 ὑπολάβῃ

439 4298 754 4378 πυκτεύειν)
778 4300 850 4380 2).
937 4304 1050 4364 Sed
1116 4308 1238 4366 sine
1293 4308 1470 4366 dubio
1535 4301 1833 4386 ἀργυρέων
1888 4312 2230 4384 corruptum
2296 4312 2403 4380 est,
2468 4324 2577 4381 pro
2624 4322 2741 4379 quo

646 4443 695 4509 1)
734 4440 904 4494 Plane
944 4443 1191 4497 eiusdem
1230 4444 1383 4499 modi
1423 4449 1504 4499 est
1541 4446 1741 4500 titulus
1778 4444 1906 4499 IRN
1934 4446 2090 4499 4649.

643 4531 695 4599 2)
735 4528 946 4583 Similia
985 4529 1132 4585 dixit
1169 4532 1238 4586 de
1274 4533 1554 4603 tragoedis
1590 4539 1649 4587 et
1685 4533 1963 4589 comoedis
2001 4534 2137 4587 156.
